
@ARTICLE{Bandfield08,
   author = {{Bandfield}, J.~L. and {Edwards}, C.~S.},
    title = "{Derivation of martian surface slope characteristics from directional thermal infrared radiometry}",
  journal = {Icarus},
     year = 2008,
    month = jan,
   volume = 193,
    pages = {139-157},
      doi = {10.1016/j.icarus.2007.08.028}}

@ARTICLE{Bandfield09,
   author = {{Bandfield}, J.~L.},
    title = "{Effects of surface roughness and graybody emissivity on martian thermal infrared spectra}",
  journal = {Icarus},
     year = 2009,
    month = aug,
   volume = 202,
    pages = {414-428},
      doi = {10.1016/j.icarus.2009.03.031}}

@ARTICLE{Binzel15,
   author = {{Binzel}, R.~P. and {DeMeo}, F.~E. and {Burt}, B.~J. and 
{Cloutis}, E.~A. and {Rozitis}, B. and {Burbine}, T.~H. and {Campins}, H. and 
{Clark}, B.~E. and {Emery}, J.~P. and {Hergenrother}, C.~W. and 
{Howell}, E.~S. and {Lauretta}, D.~S. and {Nolan}, M.~C. and {Mansfield}, M. and 
{Pietrasz}, V. and {Polishook}, D. and {Scheeres}, D.~J.},
    title = "{Spectral slope variations for OSIRIS-REx target Asteroid (101955) Bennu: Possible evidence for a fine-grained regolith equatorial ridge}",
  journal = {Icarus},
     year = 2015,
    month = aug,
   volume = 256,
    pages = {22-29},
      doi = {10.1016/j.icarus.2015.04.011}}

@ARTICLE{Brown65,
   author = {A. Brown and G. L. Downes},
    title = "{Diffusion of Heat From a Sphere to a Surrounding Medium}",
  journal = {Australian Journal of Physics},
     year = 1965,
   volume = 18,
   number=5,
    pages = {483--490} }

@ARTICLE{Brown68,
   author = {A. Brown},
    title = "{A diffusion problem with sphere symmetry: temperature distribution for different initial conditions}",
  journal = {perhaps Australian Journal of Physics},
     year = 1968,
   volume = "unknown",
    pages = {403--413} }

@ARTICLE{Brown70,
   author = {A. Brown and G. L. Downes},
    title = "{Temperature profiles in some heat conduction problems with spherical symmetry}",
  journal = {Australian Journal of Physics},
     year = 1970,
   volume = 23,
    pages = 935 }

@ARTICLE{Brown85,
   author = {R.H.~ Brown},
    title = "Ellipsoidal geometry in asteroid thermal models: the standard radiometric model",
  journal = {Icarus},
     year = 1985,
   volume = 64,
    pages = {53--63} }

@ARTICLE{Capria14,
   author = {{Capria}, M.~T. and {Tosi}, F. and {De Sanctis}, M.~C. and {Capaccioni}, F. and 
	{Ammannito}, E. and {Frigeri}, A. and {Zambon}, F. and {Fonte}, S. and 
{Palomba}, E. and {Turrini}, D. and {Titus}, T.~N. and {Schr{\"o}der}, S.~E. and 
	{Toplis}, M. and {Li}, J.-Y. and {Combe}, J.-P. and {Raymond}, C.~A. and 
	{Russell}, C.~T.},
    title = "{Vesta surface thermal properties map}",
  journal = {Geophys. Res. Let.},
     year = 2014,
    month = mar,
   volume = 41,
    pages = {1438-1443},
      doi = {10.1002/2013GL059026}}

@ARTICLE{Chesley14,
   author = {{Chesley}, S.~R. and {Farnocchia}, D. and {Nolan}, M.~C. and 
{Vokrouhlick{\'y}}, D. and {Chodas}, P.~W. and {Milani}, A. and 
{Spoto}, F. and {Rozitis}, B. and {Benner}, L.~A.~M. and {Bottke}, W.~F. and 
{Busch}, M.~W. and {Emery}, J.~P. and {Howell}, E.~S. and {Lauretta}, D.~S. and 
{Margot}, J.-L. and {Taylor}, P.~A.},
    title = "{Orbit and bulk density of the OSIRIS-REx target Asteroid (101955) Bennu}",
  journal = {Icarus},
archivePrefix = "arXiv",
   eprint = {1402.5573},
     year = 2014,
    month = jun,
   volume = 235,
    pages = {5-22},
      doi = {10.1016/j.icarus.2014.02.020}}

@ARTICLE{Colwell02,
   author = {{Colwell}, J.~E. and {Jakosky}, B.~M.},
    title = "{Effects of topography on thermal infrared spectra of planetary surfaces}",
  journal = {J. Geophys. Res. (Planets)},
     year = 2002,
    month = nov,
   volume = 107,
      eid = {5106},
    pages = {16-1},
      doi = {10.1029/2001JE001829}}

@ARTICLE{Davidsson15,
   author = {{Davidsson}, B.~J.~R. and {Rickman}, H. and {Bandfield}, J.~L. and 
	{Groussin}, O. and {Guti{\'e}rrez}, P.~J. and {Wilska}, M. and 
	{Capria}, M.~T. and {Emery}, J.~P. and {Helbert}, J. and {Jorda}, L. and 
	{Maturilli}, A. and {Mueller}, T.~G.},
    title = "{Interpretation of thermal emission. I. The effect of roughness for spatially resolved atmosphereless bodies}",
  journal = {Icarus},
     year = 2015,
    month = may,
   volume = 252,
    pages = {1-21}}

@ARTICLE{Delbo02,
   author = {{Delb{\'o}}, M. and {Harris}, A.~W.},
    title = "{Physical properties of near-Earth asteroids from thermal infrared observations and thermal modeling}",
  journal = {Meteor. and Plan. Sci.},
     year = 2002,
    month = dec,
   volume = 37,
    pages = {1929-1936},
      doi = {10.1111/j.1945-5100.2002.tb01174.x}}

@ARTICLE{Delbo03,
   author = {{Delb{\'o}}, M. and {Harris}, A.~W. and {Binzel}, R.~P. and 
	{Pravec}, P. and {Davies}, J.~K.},
    title = "{Keck observations of near-Earth asteroids in the thermal infrared}",
  journal = {Icarus},
     year = 2003,
    month = nov,
   volume = 166,
    pages = {116-130},
      doi = {10.1016/j.icarus.2003.07.002}}

@ARTICLE{Delbo07,
   author = {{Delbo'}, M. and {dell'Oro}, A. and {Harris}, A.~W. 
and {Mottola}, S. and {Mueller}, M.},
    title = "{Thermal inertia of near-Earth asteroids and implications for the magnitude of the Yarkovsky effect}",
  journal = {Icarus},
archivePrefix = "arXiv",
   eprint = {0704.1915},
     year = 2007,
    month = sep,
   volume = 190,
    pages = {236-249},
      doi = {10.1016/j.icarus.2007.03.007}}

@ARTICLE{Delbo09,
   author = {{Delbo'}, M. and {Tanga}, P.},
    title = "{Thermal inertia of main belt asteroids smaller than 100 km from IRAS data}",
  journal = {Plan. Space Sci.},
archivePrefix = "arXiv",
   eprint = {0808.0869},
     year = 2009,
    month = feb,
   volume = 57,
    pages = {259-265},
      doi = {10.1016/j.pss.2008.06.015}}

@ARTICLE{Emery14,
   author = {{Emery}, J.~P. and {Fern{\'a}ndez}, Y.~R. and {Kelley}, M.~S.~P. and 
	{Warden (n{\`e}e Crane)}, K.~T. and {Hergenrother}, C. and {Lauretta}, D.~S. and 
	{Drake}, M.~J. and {Campins}, H. and {Ziffer}, J.},
    title = "{Thermal infrared observations and thermophysical characterization of OSIRIS-REx target asteroid (101955) Bennu}",
  journal = {Icarus},
     year = 2014,
    month = may,
   volume = 234,
    pages = {17-35},
      doi = {10.1016/j.icarus.2014.02.005}}

@ARTICLE{Grott07,
   author = {{Grott}, M. and {Helbert}, J. and {Nadalini}, R.},
    title = "{Thermal structure of Martian soil and the measurability of the planetary heat flow}",
  journal = {Journal of Geophysical Research (Planets)},
     year = 2007,
    month = sep,
   volume = 112,
      eid = {E09004},
    pages = {9004},
      doi = {10.1029/2007JE002905}}

@ARTICLE{Grott09,
   author = {{Grott}, M.},
    title = "{Thermal disturbances caused by lander shadowing and the measurability of the martian planetary heat flow}",
  journal = {Plan. Space Sci.},
     year = 2009,
    month = jan,
   volume = 57,
    pages = {71-77},
      doi = {10.1016/j.pss.2008.11.005}}

@INPROCEEDINGS{Grott10lunar,
   author = {{Grott}, M. and {Knollenberg}, J. and {Sohl}, F. and {Krause}, C.	},
    title = "{Measuring thermal conductivity of the lunar regolith in-situ: Lessons learned from the Apollo heat flow experiment}",
booktitle = {38th COSPAR Scientific Assembly},
     year = 2010,
   series = {COSPAR Meeting},
   volume = 38,
    pages = {451}}

@ARTICLE{Grott10apollo,
   author = {{Grott}, M. and {Knollenberg}, J. and {Krause}, C.},
    title = "{Apollo lunar heat flow experiment revisited: A critical reassessment of the in situ thermal conductivity determination}",
  journal = {Journal of Geophysical Research (Planets)},
     year = 2010,
    month = nov,
   volume = 115,
   number = {E14},
      eid = {E11005},
    pages = {11005},
      doi = {10.1029/2010JE003612}}

@ARTICLE{Gundlach13,
   author = {{Gundlach}, B. and {Blum}, J.},
    title = "{A new method to determine the grain size of planetary regolith}",
  journal = {Icarus},
   eprint = {1212.3108},
     year = 2013,
    month = mar,
   volume = 223,
    pages = {479-492},
      doi = {10.1016/j.icarus.2012.11.039}}

@ARTICLE{Harris98,
   author = {{Harris}, A.~W.},
    title = "{A Thermal Model for Near-Earth Asteroids}",
  journal = {Icarus},
     year = 1998,
    month = feb,
   volume = 131,
    pages = {291-301},
      doi = {10.1006/icar.1997.5865}}

@ARTICLE{Harris02,
   author = {{Harris}, A.~W. and {Lagerros}, J.~S.~V.},
    title = "{Asteroids in the Thermal Infrared}",
  journal = {Asteroids III},
     year = 2002,
    pages = {205-218}}

@ARTICLE{Hergenrother13,
   author = {{Hergenrother}, C.~W. and {Nolan}, M.~C. and {Binzel}, R.~P. and 
 {Cloutis}, E.~A. and {Barucci}, M.~A. and {Michel}, P. and {Scheeres}, D.~J. and 
	{d'Aubigny}, C.~D. and {Lazzaro}, D. and {Pinilla-Alonso}, N. and 
	{Campins}, H. and {Licandro}, J. and {Clark}, B.~E. and {Rizk}, B. and 
	{Beshore}, E.~C. and {Lauretta}, D.~S.},
    title = "{Lightcurve, Color and Phase Function Photometry of the OSIRIS-REx Target Asteroid (101955) Bennu}",
  journal = {Icarus},
     year = 2013,
    month = sep,
   volume = 226,
    pages = {663-670},
      doi = {10.1016/j.icarus.2013.05.044}}

@ARTICLE{Hergenrother14,
   author = {{Hergenrother}, C.~W. and {Barucci}, M.~A. and {Barnouin}, O. and 
{Bierhaus}, B. and {Binzel}, R.~P. and {Bottke}, W.~F. and {Chesley}, S. and 
{Clark}, B.~C. and {Clark}, B.~E. and {Cloutis}, E. and {Drouet d'Aubigny}, C. 
and {Delbo}, M. and {Emery}, J. and {Gaskell}, B. and {Howell}, E. and 
{Keller}, L. and {Kelley}, M. and {Marshall}, J. and {Michel}, P. and 
{Nolan}, M. and {Rizk}, B. and {Scheeres}, D. and {Takir}, D. and 
{Vokrouhlick{\'y}}, D.~D. and {Beshore}, E. and {Lauretta}, D.~S.},
    title = "{The Design Reference Asteroid for the OSIRIS-REx Mission Target (101955) Bennu}",
  journal = {ArXiv e-prints},
archivePrefix = "arXiv",
   eprint = {1409.4704},
 keywords = {Astrophysics - Earth and Planetary Astrophysics},
     year = 2014,
    month = sep}

@ARTICLE{Ingersoll92,
   author = {{Ingersoll}, A.~P. and {Svitek}, T. and {Murray}, B.~C.},
    title = "{Stability of polar frosts in spherical bowl-shaped craters on the moon, Mercury, and Mars}",
  journal = {Icarus},
     year = 1992,
    month = nov,
   volume = 100,
    pages = {40-47},
      doi = {10.1016/0019-1035(92)90016-Z}}

@ARTICLE{Jakosky90d,
   author = {{Jakosky}, B.~M. and {Finiol}, G.~W. and {Henderson}, B.~G.},
 title = "{Directional variations in thermal emission from geologic surfaces}",
  journal = {Geophys. Res. Let.},
     year = 1990,
    month = jun,
   volume = 17,
    pages = {985-988},
      doi = {10.1029/GL017i007p00985}} 

@ARTICLE{Kieffer13,
author="H.~H. Kieffer",
title = "{Thermal model for analysis of Mars infrared mapping}",
journal= "J. Geophys. Res., Planets",
     year = 2013,
   volume = 118,
    pages = {451-470},
      doi = {10.1029/2012JE004164}}
%   number = "E11",     month = "mar?",

@ARTICLE{Lagerros96,
   author = {{Lagerros}, J.~S.~V.},
    title = "{Thermal physics of asteroids. I. Effects of shape, heat conduction and beaming.}",
  journal = {Astron. Astroph.},
     year = 1996,
    month = jun,
   volume = 310,
    pages = {1011-1020}}

@ARTICLE{Lagerros96b,
   author = {{Lagerros}, J.~S.~V.},
    title = "{Thermal physics of asteroids. II. Polarization of the thermal microwave emission from asteroids.}",
  journal = {Astron. Astroph.},
     year = 1996,
    month = nov,
   volume = 315,
    pages = {625-632}}

@ARTICLE{Lagerros97,
   author = {{Lagerros}, J.~S.~V.},
    title = "{Thermal physics of asteroids. III. Irregular shapes and albedo variegations.}",
  journal = {Astron. Astroph.},
     year = 1997,
    month = sep,
   volume = 325,
    pages = {1226-1236}}

@ARTICLE{Lagerros98,
   author = {{Lagerros}, J.~S.~V.},
    title = "{Thermal physics of asteroids. IV. Thermal infrared beaming}",
  journal = {Astron. Astroph.},
     year = 1998,
    month = apr,
   volume = 332,
    pages = {1123-1132}}

@INPROCEEDINGS{Langseth1976,
   author = {{Langseth}, M.~G. and {Keihm}, S.~J. and {Peters}, K.},
    title = "{Revised lunar heat-flow values}",
booktitle = {Lunar and Planetary Science Conference Proceedings},
     year = 1976,
   series = {Lunar and Planetary Science Conference Proceedings},
   volume = 7,
   editor = {{Kinsler}, D.~C.},
    month = apr,
    pages = {3143-3171}}

@ARTICLE{Lauretta15,
   author = {{Lauretta}, D.~S. and {Bartels}, A.~E. and {Barucci}, M.~A. and 
{Bierhaus}, E.~B. and {Binzel}, R.~P. and {Bottke}, W.~F. and 
{Campins}, H. and {Chesley}, S.~R. and {Clark}, B.~C. and {Clark}, B.~E. and 
{Cloutis}, E.~A. and {Connolly}, H.~C. and {Crombie}, M.~K. and 
{Delb{\'o}}, M. and {Dworkin}, J.~P. and {Emery}, J.~P. and 
{Glavin}, D.~P. and {Hamilton}, V.~E. and {Hergenrother}, C.~W. and 
{Johnson}, C.~L. and {Keller}, L.~P. and {Michel}, P. and {Nolan}, M.~C. and 
{Sandford}, S.~A. and {Scheeres}, D.~J. and {Simon}, A.~A. and 
{Sutter}, B.~M. and {Vokrouhlick{\'y}}, D. and {Walsh}, K.~J.},
    title = "{The OSIRIS-REx target asteroid (101955) Bennu: Constraints on its physical, geological, and dynamical nature from astronomical observations}",
  journal = {Meteoritics and Planetary Science},
     year = 2015,
    month = apr,
   volume = 50,
    pages = {834-849},
      doi = {10.1111/maps.12353}}

@ARTICLE{Lebofsky86,
   author = {{Lebofsky}, L.~A. and {Sykes}, M.~V. and {Tedesco}, E.~F. and
{Veeder}, G.~J. and {Matson}, D.~L. and {Brown}, R.~H. and {Gradie}, J.~C. and 
	{Feierberg}, M.~A. and {Rudy}, R.~J.},
    title = "{A refined 'standard' thermal model for asteroids based on observations of 1 Ceres and 2 Pallas}",
  journal = {Icarus},
     year = 1986,
    month = nov,
   volume = 68,
    pages = {239-251},
      doi = {10.1016/0019-1035(86)90021-7}}

@ARTICLE{Komle11,
   author = {{K{\"o}mle}, N.~I. and {H{\"u}tter}, E.~S. and {Macher}, W. and 
	{Kaufmann}, E. and {Kargl}, G. and {Knollenberg}, J. and {Grott}, M. and 
	{Spohn}, T. and {Wawrzaszek}, R. and {Banaszkiewicz}, M. and 
	{Seweryn}, K. and {Hagermann}, A.},
    title = "{In situ methods for measuring thermal properties and heat flux on planetary bodies}",
  journal = {Plan. Space Sci.},
     year = 2011,
    month = jun,
   volume = 59,
    pages = {639-660},
      doi = {10.1016/j.pss.2011.03.004}}

@ARTICLE{Muller04,
   author = {{M{\"u}ller}, T.~G. and {Sterzik}, M.~F. and {Sch{\"u}tz}, O. and 
	{Pravec}, P. and {Siebenmorgen}, R.},
    title = "{Thermal infrared observations of near-Earth asteroid 2002 NY40}",
  journal = {Astron. Astroph.},
   eprint = {astro-ph/0406238},
     year = 2004,
    month = sep,
   volume = 424,
    pages = {1075-1080},
      doi = {10.1051/0004-6361:20041061}}

@misc{Muller07,
author="{M{\"u}ller, M}",
title="unknown",
howpublished="PhD thesis, Freie Univ. Berlin",
year="2007"}

@ARTICLE{Muller11,
   author = {{M{\"u}ller}, T.~G. and {{\v D}urech}, J. and {Hasegawa}, S. and 
	{Abe}, M. and {Kawakami}, K. and {Kasuga}, T. and {Kinoshita}, D. and 
	{Kuroda}, D. and {Urakawa}, S. and {Okumura}, S. and {Sarugaku}, Y. and 
{Miyasaka}, S. and {Takagi}, Y. and {Weissman}, P.~R. and {Choi}, Y.-J. and 
	{Larson}, S. and {Yanagisawa}, K. and {Nagayama}, S.},
    title = "{Thermo-physical properties of 162173 (1999 JU3), a potential flyby and rendezvous target for interplanetary missions}",
  journal = {Astron and Astroph. },
archivePrefix = "arXiv",
   eprint = {1011.5029},
     year = 2011,
    month = jan,
   volume = 525,
      eid = {A145},
    pages = {A145},
      doi = {10.1051/0004-6361/201015599}}

@misc{Myhrvold16,
author="N.~ Myhrvold",
title="Asteroid thermal modeling in the presence of reflected sunlight with
an application to WISE/NEOWISE observational data",
howpublished="preprint",
year="2016"}

@misc{Noboa91,
author="H.Luis.~Noboa",
title="Influence of dust on the emissivity of radiant barriers",
howpublished="Ms Thesis,Texas A\&M University",
year="1991"}

@ARTICLE{Nolan13,
   author = {{Nolan}, M.~C. and {Magri}, C. and {Howell}, E.~S. and 
{Benner}, L.~A.~M. and 	{Giorgini}, J.~D. and {Hergenrother}, C.~W. and 
{Hudson}, R.~S. and {Lauretta}, D.~S. and {Margot}, J.-L. and {Ostro}, S.~J. and 
	{Scheeres}, D.~J.},
    title = "{Shape model and surface properties of the OSIRIS-REx target Asteroid (101955) Bennu from radar and lightcurve observations}",
  journal = {Icarus},
     year = 2013,
    month = sep,
   volume = 226,
    pages = {629-640},
      doi = {10.1016/j.icarus.2013.05.028}}

@ARTICLE{Paige92m,
   author = {{Paige}, D.~A. and {Wood}, S.~E. and {Vasavada}, A.~R.},
    title = "{The thermal stability of water ice at the poles of Mercury}",
  journal = {Science},
     year = 1992,
    month = oct,
   volume = 258,
    pages = {643-646},
      doi = {10.1126/science.258.5082.643}}

@ARTICLE{Paige13,
   author = {{Paige}, D.~A. and {Siegler}, M.~A. and {Harmon}, J.~K. and 
	{Neumann}, G.~A. and {Mazarico}, E.~M. and {Smith}, D.~E. and 
{Zuber}, M.~T. and {Harju}, E. and {Delitsky}, M.~L. and {Solomon}, S.~C.},
title = "{Thermal Stability of Volatiles in the North Polar Region of Mercury}",
  journal = {Science},
     year = 2013,
    month = jan,
   volume = 339,
    pages = {300},
      doi = {10.1126/science.1231106}}

@ARTICLE{Philip64,
   author = {{Philip}, J.~R.},
    title = "{Transient heat conduction between a sphere and a surrounding medium of different thermal properties}",
  journal = {Australian Journal of Physics},
     year = 1964,
    month = dec,
   volume = 17,
    pages = {423} }
 % 420:430

@ARTICLE{Rozitis11,
   author = {{Rozitis}, B. and {Green}, S.~F.},
    title = "{Directional characteristics of thermal-infrared beaming from atmosphereless planetary surfaces - a new thermophysical model}",
  journal = {Mon. Not. Royal. Ast. Soc.},
     year = 2011,
    month = aug,
   volume = 415,
    pages = {2042-2062},
      doi = {10.1111/j.1365-2966.2011.18718.x}}

@ARTICLE{Salvail94,
   author = {{Salvail}, J.~R. and {Fanale}, F.~P.},
    title = "{Near-surface ice on Mercury and the Moon: A topographic thermal model}",
  journal = {Icarus},
     year = 1994,
    month = oct,
   volume = 111,
    pages = {441-455},
      doi = {10.1006/icar.1994.1155}}

@ARTICLE{Selsis13,
   author = {{Selsis}, F. and {Maurin}, A.-S. and {Hersant}, F. 
and {Leconte}, J. and {Bolmont}, E. and {Raymond}, S.~N. and {Delbo'}, M.},
    title = "{The effect of rotation and tidal heating on the thermal lightcurves of super Mercuries}",
  journal = {Astron. Astroph.},
archivePrefix = "arXiv",
   eprint = {1305.3858},
     year = 2013,
    month = jul,
   volume = 555,
      eid = {A51},
    pages = {A51},
      doi = {10.1051/0004-6361/201321661} }

@ARTICLE{Shepard99,
   author = {{Shepard}, M.~K. and {Campbell}, B.~A.},
    title = "{Radar Scattering from a Self-Affine Fractal Surface: Near-Nadir Regime}",
  journal = {Icarus},
     year = 1999,
    month = sep,
   volume = 141,
    pages = {156-171},
      doi = {10.1006/icar.1999.6141}}


@ARTICLE{Shepard08,
   author = {{Shepard}, M.~K. and {Clark}, B.~E. and {Nolan}, M.~C. and {Benner}, L.~A.~M. and 
	{Ostro}, S.~J. and {Giorgini}, J.~D. and {Vilas}, F. and {Jarvis}, K. and 
	{Lederer}, S. and {Lim}, L.~F. and {McConnochie}, T. and {Bell}, J. and 
	{Margot}, J.-L. and {Rivkin}, A. and {Magri}, C. and {Scheeres}, D. and 
	{Pravec}, P.},
    title = "{Multi-wavelength observations of Asteroid 2100 Ra-Shalom}",
  journal = {Icarus},
     year = 2008,
    month = jan,
   volume = 193,
    pages = {20-38},
      doi = {10.1016/j.icarus.2007.09.006}}

@misc{Siegler13,
author={M. Siegler and S. Smrekar},
title="{Developing a 3-D Thermal Model of the InSight Lander (and its Effect on Local Ground Temperatures)}",
howpublished="Presentation at HP3 Radiometer Peer Review",
year="2013 Nov." }abstracts, starting with number 1.  Total number selected: 1.

@ARTICLE{Spencer89,
   author = {{Spencer}, J.~R. and {Lebofsky}, L.~A. and {Sykes}, M.~V.},
    title = "{Systematic biases in radiometric diameter determinations}",
  journal = {Icarus},
     year = 1989,
    month = apr,
   volume = 78,
    pages = {337-354},
      doi = {10.1016/0019-1035(89)90182-6}} 

@ARTICLE{Spencer90,
   author = {{Spencer}, J.~R.},
    title = "{A rough-surface thermophysical model for airless planets}",
  journal = {Icarus},
     year = 1990,
    month = jan,
   volume = 83,
    pages = {27-38},
      doi = {10.1016/0019-1035(90)90004-S} }

@ARTICLE{Urquhart97,
   author = {{Urquhart}, M.~L. and {Jakosky}, B.~M.},
    title = "{Lunar thermal emission and remote determination of surface properties}",
  journal = {J. Geophys. Res.},
     year = 1997,
   volume = 102,
    pages = {10959-10970},
      doi = {10.1029/97JE00224}}

@ARTICLE{Vasavada99,
   author = {{Vasavada}, A.~R. and {Paige}, D.~A. and {Wood}, S.~E.},
    title = "{Near-Surface Temperatures on Mercury and the Moon and the Stability of Polar Ice Deposits}",
  journal = {Icarus},
     year = 1999,
    month = oct,
   volume = 141,
    pages = {179-193},
      doi = {10.1006/icar.1999.6175}}

@INPROCEEDINGS{Weissman92,
   author = {{Weissman}, P.~R. and {Carlson}, R.~W. and {Smythe}, W.~D. and 
	{Byrne}, L.~C. and {Ocampo}, A.~C. and {Kieffer}, H.~H. and 
	{Soderblom}, L.~A. and {Fanale}, F.~P. and {Granahan}, J.~C. and 
	{McCord}, T.~B.},
    title = "{Thermal Modelling of Asteroid 951 Gaspra}",
booktitle = {AAS/Division for Planetary Sciences Meeting Abstracts \#24},
     year = 1992,
   series = {Bulletin of the American Astronomical Society},
   volume = 24,
    month = jun,
      eid = {04.03-INV},
    pages = {933}}

@INPROCEEDINGS{Weissman94,
   author = {{Weissman}, P.~R. and {Carlson}, R.~W. and {Segura}, M.~E. and 
	{Smythe}, W.~D. and {Matson}, D.~L. and {Johnson}, T.~V. and 
	{Leader}, F.~E. and {Kieffer}, H.~H. and {Soderblom}, L.~A. and 
	{Fanale}, F.~P. and {Granahan}, J.~C. and {McCord}, T.~B.},
    title = "{Galileo NIMS Thermal Observations of Asteroid 243 Ida and 1993(243)1}",
booktitle = {AAS/Division for Planetary Sciences Meeting Abstracts \#26},
     year = 1994,
   series = {Bull. American Astron. Soc.},
   volume = 26,
    month = jun,
      eid = {25.07},
    pages = {1156}}