%% mars.bib - contains the BiBTeX input for bibiography.
%\newcommand{\jgr}{J. Geophys. Res.}
%------ duplicates from moon.bib
% NOTE cannot put comments on lines after active part of citation
% http://www.kfunigraz.ac.at/~binder/texhelp/bibtx-7.html explains all types
% 2010feb23 inbook >> incollection

@book{Seidelmann92, 
 editor = "K.~P. Seidelmann",
 title  = "{Explanatory Supplement to the Astronomical Almanac}",
 publisher= "University Science Books",
 address= "Mill Valley, California",
 year   = "2005" }
  % same material as 1992 hardcover  % pages  = "752"
@book{Dwight61,
author="H.~B.~ Dwight",
 title  = "{Tables of Integrals and other Mathematical Data}",
 publisher= "MacMillan",
 address= "New York", 
 note = "4th ed., 336 pp",
 year   = "1961" }
%-------------------------------------
@misc{Inger00,
author="A.~P.~Ingersoll", 
title  = "personal communication",
journal= "pers. comm.",
volume = "",
pages  = "",
year = "2000" }

% Abstract placeholder
@ARTICLE{Nowicki05,     
   author = {{Nowicki}, S.~A. and {Christensen}, P.~R.},
    title = "{Constraining the Surface Properties in the Tharsis Region of Mars with TES and THEMIS Data}",
  journal = {AGU Fall Meeting Abstracts},
     year = 2005,
    month = dec,
    pages = {C167+}}

% duplicate from moon.bib
@misc{Wehrli86,
 author="C. Wehrli",
 title = "Spectral Solar irradiance data",
 howpublished = "{World Climate Research Program (WCRP) Publication 
Series No. 7, WMO ITD-No. 149}",
 note = "pp. 119-126",
 year = "1986" }

%=========================Temporary reformats ==============================
@article{Greeley92q,
author="R.~Greeley and N.~Lancaster and S.~Lee and P.~Thomas",
title = "Martian aeolian processes, sediments, and features",
journal="\textit{Mars}, edited by H.H. Kieffer et al., Univ. of Ariz. Press, Tucson",
pages="730--766",
year = "1992" }
 
@article{Kahn92q,
author="R.~A. Kahn and T.~Z. Martin and R.~W. Zurek and S.~W. Lee",
title="The {M}artian dust cycle",
journal="\textit{Mars}, edited by H.H. Kieffer et al., Univ. of Ariz. Press, Tucson", pages="1017--1053", year="1992" }

@incollection{Zurek92q, 
author="R.~W.~Zurek and J.~R.~Barnes and R.~M.~Haberle and J.~B.~Pollack and J.~E.~Tillman and C.~B.~Leovy", 
title = "Dynamics of the atmosphere of {M}ars", 
booktitle="\textit{Mars}, edited by H.H. Kieffer et al.", 
publisher="Univ. of Ariz. Press, Tucson", 
chapter= "26", 
pages="835--933", 
year = "1992" }

%=========================recent abstracts ==============================

@ARTICLE{2002DPS....34.1523G,
    author={{Glenar}, D.~A. and {Samuelson}, R.~E. and {Pearl}, J.~C. and 
	{Bjoraker}, G.~L. and {Blaney}, D.~L.},
    title = "{Mars Polar Volatiles: IR Spectral Mapping Results from the Oppositions of 1999 (Ls=130) and 2001 (Ls=182,195)}",
    journal = {AAS/Division for Planetary Sciences Meeting},
    year = 2002,
    month = sep,
    volume = 34,
    pages = {0-+} }

@ARTICLE{2002AGUFM.P72C..04S,
    author={{Scherbenski}, J.~M. and {Paige}, D.~A.},
    title = "{Mars Polar Thermal Inertia and Albedo Properties Using TES Data}",
    journal = {AGU Fall Meeting Abstracts},
    year = 2002,
    month = dec,
    pages = {C4+}}
%==================== Main Alphabetic section ==============================

@ARTICLE{Aharonson04,
   author={{Aharonson}, O. and {Zuber}, M.~T. and {Smith}, D.~E. and {Neumann}, G.~A. and 
	{Feldman}, W.~C. and {Prettyman}, T.~H.},
    title = "{Depth, distribution, and density of CO$_2$ deposition on Mars}",
  journal = {J. Geophys. Res. (Planets)},
     year = 2004,
    month = may,
    volume = 109,
    number = {E18},
    pages = {5004+10}}

@INPROCEEDINGS{Aharonson04a,
   author={{Aharonson}, O.},
    title = "{Sublimation at the Base of a Seasonal CO$_2$ Slab on Mars}",
booktitle = {Lunar and Planet. Inst. Conf. Abstracts},
     year = 2004,
    month = mar,
    pages = {1918-+}}

@ARTICLE{Aharonson06,
   author = {{Aharonson}, O. and {Schorghofer}, N.},
    title = "{Subsurface ice on Mars with rough topography}",
  journal = {Journal of Geophysical Research (Planets)},
     year = 2006,
    month = nov,
   volume = 111,
   number = "E10",
    pages = {11007-+},
      doi = {10.1029/2005JE002636}}

@misc{Aharonson06p,
   author = {{Aharonson}, O. and Marguerite F. Gerstell},
 title = "{Evolution of surface features during defrosting of the Martian
south polar cap}",
journal= "preprint, unsubmitted",
year = "2006" }


@article{Albee98,
author="A.~L.~Albee and F.~D.~Palluconi and R.~E.~Arvidson ",
title = "{M}ars {G}lobal {S}urveyor Mission: Overview and status",
journal= "Science",
volume = "279",
pages = "1671--1672",
year = "1998" }

@article{Albee01,
author="A.~L.~Albee and F.~D.~Palluconi",
title = "{M}ars {G}lobal {S}urveyor Mission: ????",
journal= "J. Geophys. Res.",
volume = "in press",
pages = "x-x",
year = "2001" }

@ARTICLE{Allison00,
   author = {{Allison}, M. and {McEwen}, M.},
    title = "{A post-Pathfinder evaluation of areocentric solar coordinates with improved timing recipes for Mars seasonal/diurnal climate studies}",
  journal = {Plan. Space Sci.},
     year = 2000,
    month = feb,
   volume = 48,
    pages = {215-235},
  url = {http://www.giss.nasa.gov/tools/mars24/help/algorithm.html},
note = {See \url{http://www.giss.nasa.gov/tools/mars24/help/algorithm.html}},
      doi = {10.1016/S0032-0633(99)00092-6}}

@article{Anderson67,
author="A.~D. Anderson",
title="Spherical particle terminal velocities in the {M}artian daytime atmosphere from 0 to 50 kilometers",
journal="J. Geophys. Res.", volume="72", pages="1951--1958", year="1967" }

@ARTICLE{Appere11,
   author = {{App{\'e}r{\'e}}, T. and {Schmitt}, B. and {Langevin}, Y. and 
	{Dout{\'e}}, S. and {Pommerol}, A. and {Forget}, F. and {Spiga}, A. and 
	{Gondet}, B. and {Bibring}, J.-P.},
    title = "{Winter and spring evolution of northern seasonal deposits on Mars from OMEGA on Mars Express}",
  journal = {Jour. Geophys. Res. (Planets)},
     year = 2011,
    month = may,
   volume = 116,
   number = "E15",
      eid = {E05001},
    pages = {5001},
      doi = {10.1029/2010JE003762}}

@ARTICLE{Archinal11,
   author = {{Archinal}, B.~A. and {A'Hearn}, M.~F. and {Bowell}, E. and 
{Conrad}, A. and {Consolmagno}, G.~J. and {Courtin}, R. and 
{Fukushima}, T. and {Hestroffer}, D. and {Hilton}, J.~L. and 
{Krasinsky}, G.~A. and {Neumann}, G. and {Oberst}, J. and {Seidelmann}, P.~K. and 
{Stooke}, P. and {Tholen}, D.~J. and {Thomas}, P.~C. and {Williams}, I.~P.},
    title = "{Report of the IAU Working Group on Cartographic Coordinates and Rotational Elements: 2009}",
  journal = {Celestial Mechanics and Dynamical Astronomy},
     year = 2011,
   volume = 109,
    pages = {101-135},
note = {Available online at \url{http://www.dtic.mil/cgi-bin/GetTRDoc?AD=ADA538254} },
      doi = {10.1007/s10569-010-9320-4}}
%  url = {http://www.dtic.mil/cgi-bin/GetTRDoc?AD=ADA538254},

@ARTICLE{Armstrong05,
   author={{Armstrong}, J.~C. and {Titus}, T.~N. and {Kieffer}, H.~H.},
    title = "{Evidence for subsurface water ice in Korolev crater, Mars}",
  journal = {Icarus},
     year = 2005,
    month = apr,
   volume = 174,
    pages = {360-372},
      doi = {10.1016/j.icarus.2004.10.032}}

@ARTICLE{Arvidson04,
   author = {{Arvidson}, R.~E. and {Anderson}, R.~C. and {Bartlett}, P. and {Bell}, J.~F. and {Blaney}, D. and {Christensen}, P.~R. and {Chu}, P. and {Crumpler}, L. and {Davis}, K. and {Ehlmann}, B.~L. and {Fergason}, R. and {Golombek}, M.~P. and {Gorevan}, S. and {Grant}, J.~A. and {Greeley}, R. and {Guinness}, E.~A. and {Haldemann}, A.~F.~C. and {Herkenhoff}, K. and {Johnson}, J. and {Landis}, G. and {Li}, R. and {Lindemann}, R. and {McSween}, H. and {Ming}, D.~W. and {Myrick}, T. and {Richter}, L. and {Seelos}, F.~P. and {Squyres}, S.~W. and {Sullivan}, R.~J. and {Wang}, A. and {Wilson}, J.},
    title = "{Localization and Physical Properties Experiments Conducted by Spirit at Gusev Crater}",
  journal = {Science},
     year = 2004,
    month = aug,
   volume = 305,
    pages = {821-824},
      doi = {10.1126/science.1099922}}

@ARTICLE{Arvidson06,
   author = {{Arvidson}, R.~E. and {Poulet}, F. and {Morris}, R.~V. and {Bibring}, J.-P. and 
	{Bell}, J.~F. and {Squyres}, S.~W. and {Christensen}, P.~R. and 
	{Bellucci}, G. and {Gondet}, B. and {Ehlmann}, B.~L. and {Farrand}, W.~H. and 
	{Fergason}, R.~L. and {Golombek}, M. and {Griffes}, J.~L. and 
	{Grotzinger}, J. and {Guinness}, E.~A. and {Herkenhoff}, K.~E. and 
	{Johnson}, J.~R. and {Klingelhofer}, G. and {Langevin}, Y. and 
	{Ming}, D. and {Seelos}, K. and {Sullivan}, R.~J. and {Ward}, J.~G. and 
	{Wiseman}, S.~M. and {Wolff}, M.},
    title = "{Nature and origin of the hematite-bearing plains of Terra Meridiani based on analyses of orbital and Mars Exploration rover data sets}",
  journal = {J. Geophys. Res. (Planets)},
     year = 2006,
    month = nov,
   volume = 111,
   number = "E10",
    pages = {12-+},
      doi = {10.1029/2006JE002728}}

@ARTICLE{Arvidson08,
   author = {{Arvidson}, R. and {Adams}, D. and {Bonfiglio}, G. 
and {Christensen}, P. and 
	{Cull}, S. and {Golombek}, M. and {Guinn}, J. and {Guinness}, E. and 
	{Heet}, T. and {Kirk}, R. and {Knudson}, A. and {Malin}, M. and 
	{Mellon}, M. and {McEwen}, A. and {Mushkin}, A. and {Parker}, T. and 
	{Seelos}, F. and {Seelos}, K. and {Smith}, P. and {Spencer}, D. and 
	{Stein}, T. and {Tamppari}, L.},
    title = "{Mars Exploration Program 2007 Phoenix landing site selection and characteristics}",
  journal = {Journal of Geophysical Research (Planets)},
     year = 2008,
    month = jun,
   volume = 113,
   number = "E12",
    pages = {0-+},
      doi = {10.1029/2007JE003021}}

@misc{atlas88,
author="USGS",
title = "Atlas of {M}ars 1:5,000,000 Topographical Series",
volume = "I-1876",
year = "1988" }

@article{Aumann73,
author="H.~H.~Aumann and H.~H.~Kieffer",
title = "Determination of particle sizes in {S}aturn's rings from their eclipse cooling and heating curves",
journal= "Astron. Jour.",
volume = "183",
pages = "305--311",
year = "1973" }

@ARTICLE{Balme06,
   author = {{Balme}, M. and {Mangold}, N. and {Baratoux}, D. and {Costard}, F.
 and {Gosselin}, M. and {Masson}, P. and {Pinet}, P. and {Neukum}, G.},
    title = "{Orientation and distribution of recent gullies in the southern 
hemisphere of Mars: Observations from High Resolution Stereo Camera/Mars Express 
(HRSC/MEX) and Mars Orbiter Camera/Mars Global Surveyor (MOC/MGS) data}",
  journal = {J. Geophys. Res.(Planets)},
     year = 2006, month = may, volume = 111, number = "E10", eid = {E05001},
    pages = {5001}, doi = {10.1029/2005JE002607}}  % also LPI37 p1610

@article{Bandfield03,
author="J.~L.~Bandfield and M.~D.~Smith", 
title = "Multiple emission angle surface-atmosphere separations of the {T}hermal {E}mission {S}pectrometer data",
journal= "Icarus",
volume = "161",
pages = "47--65",
year = "2003" }

@ARTICLE{Bandfield03f,
   author = {{Banfield}, D. and {Conrath}, B.~J. and {Smith}, M.~D. and {Christensen}, P.~R. and 
	{Wilson}, R.~J.},
    title = "{Forced waves in the martian atmosphere from MGS TES nadir data}",
  journal = {Icarus},
     year = 2003,
    month = feb,
   volume = 161,
    pages = {319-345},
      doi = {10.1016/S0019-1035(02)00044-1}}

@ARTICLE{Bandfield07,
   author = {{Bandfield}, J.~L.},
    title = "{High-resolution subsurface water-ice distributions on Mars}",
  journal = {Nature},
     year = 2007,
    month = may,
   volume = 447,
    pages = {64-67},
      doi = {10.1038/nature05781}}

@ARTICLE{Bandfield08b,
   author = {{Bandfield}, J.~L. and {Feldman}, W.~C.},
    title = "{Martian high latitude permafrost depth and surface cover thermal inertia distributions}",
  journal = {J. Geophys.Res.(Planets)},
     year = 2008,
    month = aug,
   volume = 113,
   number = "E12",
    pages = {8001-+},
      doi = {10.1029/2007JE003007}}

@article{Barlow88,
author="Barlow, N. G.",
title = "Crater size-frequency distributions and a revised 
relative martian chronology", 
journal= "Icarus", 
volume = "75",
pages = "285--305", 
year = "1988" }

@article{Barker70,
author="E.~S. Barker and R.~A. Schorn and A. Woszczyk and R.~G. Tull and S.~J. Little",
title="{M}ars: Detection of atmospheric water vapor during the southern hemisphere spring and summer season",
journal="Science", volume="170", pages="1308--1310", year="1970" }

@article{Barker76,
author="E.~S.~Barker", 
title = "{M}artian atmospheric water vapor observations:1972-7 apparition",
journal= "Icarus",
volume = "28",
pages = "247--268",
year = "1970" }

@ARTICLE{Barnes93,
   author = {{Barnes}, J.~R. and {Pollack}, J.~B. and {Haberle}, R.~M. and 
	{Leovy}, C.~B. and {Zurek}, R.~W. and {Lee}, H. and {Schaeffer}, J.},
    title = "{Mars atmospheric dynamics as simulated by the NASA AMES 
General Circulation Model. II - Transient baroclinic eddies}",
  journal = {J. Geophys. Res.},
     year = 1993,
    month = feb,
   volume = 98,
    pages = "3125-3148"}

@ARTICLE{Barnes96,
   author = {{Barnes}, J.~R. and {Haberle}, R.~M. and {Pollack}, J.~B. and 
	{Lee}, H. and {Schaeffer}, J.},
    title = "{Mars atmospheric dynamics as simulated by the NASA Ames 
general circulation model 3. Winter quasi-stationary}",
  journal = {J. Geophys. Res.},
     year = 1996,
   volume = 101,
    pages = {12753-12776},
      doi = {10.1029/96JE00179}}

@article{Bass,
author="D.~S.~Bass and K.~E.~Herkenhoff and D.~A.~Paige",
title = "Variability of {M}ars' north polar water ice cap, {I}. 
Analysis of {M}ariner 9 and {V}iking {O}rbiter imaging data ",
journal= "Icarus",
volume = "144",
pages = "382--396",
year = "2000" }

@article{Bass2,
author="D.~S.~Bass and D~A.~Paige",
title = "Variability of {M}ars' north polar water ice cap, 
{II}. Analysis of {V}iking {IRTM} and {MAWD} data ",
journal= "Icarus",
volume = "144",
pages = "397--409",
year = "2000" }

@ARTICLE{Basu04,
   author = {{Basu}, S. and {Richardson}, M.~I. and {Wilson}, R.~J.},
    title = "{Simulation of the Martian dust cycle with the GFDL Mars GCM}",
  journal = {J. Geophys. Res. (Planets)},
     year = 2004,
    month = nov,
   volume = 109,
   number = {E18},
    pages = {11006-+},
      doi = {10.1029/2004JE002243}}

@article{Bell90, 
author="J.~F.~Bell III and W.~M.~Calvin and  M.~E.~Ockert-Bell and  D.~Crisp 
and  J.~B.~Pollack and J.~Spencer",
title="Detection and monitoring of H$_2$O and CO$_2$ ice clouds on {Mars}",
journal="J. Geophys. Res.", volume="101(E4)", pages="9227--9238", year="1996" }
 

@ARTICLE{Bell00,
   author = {{Bell}, J.~F. and {McSween}, H.~Y. and {Crisp}, J.~A. 
and {Morris}, R.~V. and {Murchie}, S.~L. and {Bridges}, N.~T. and 
{Johnson}, J.~R. and 	{Britt}, D.~T. and {Golombek}, M.~P. and 
{Moore}, H.~J. and {Ghosh}, A. and {Bishop}, J.~L. and {Anderson}, R.~C. 
and {Br{\"u}ckner}, J. and {Economou}, T. and {Greenwood}, J.~P. 
and {Gunnlaugsson}, H.~P. and {Hargraves}, R.~M. and {Hviid}, S. 
and {Knudsen}, J.~M. and {Madsen}, M.~B. and {Reid}, R. and {Rieder}, R. 
and {Soderblom}, L.},
  title = "{Mineralogic and compositional properties of Martian soil and dust: 
Results from Mars Pathfinder}",
  journal = {J. Geophys. Res.},
     year = 2000,
    month = jan,
   volume = 105,
    pages = {1721-1756},
      doi = {10.1029/1999JE001060}}

@book{Bell08,
author="J.F.~Bell",
booktitle="{The Martian Surface: Composition, Mineralogy
, and Physical Properties}",
title="{The Martian Surface: Composition, Mineralogy
, and Physical Properties}",
 publisher="Cambridge University Press", 
pages="635", 
year="2008" }

@ARTICLE{Benson03,
   author={{Benson}, J.~L. and {Bonev}, B.~P. and {James}, P.~B. and {Shan}, K.~J.
 and {Cantor}, B.~A. and {Caplinger}, M.~A.},
    title = "{The seasonal behavior of water ice clouds in the Tharsis and Valles Marineris regions of Mars: Mars Orbiter Camera Observations}",
  journal = {Icarus},
     year = 2003,
    month = sep,
   volume = 165,
    pages = {34-52}}

 @ARTICLE{Bibring04,
   author={{Bibring}, J. and {Langevin}, Y. and {Poulet}, F. and {Gendrin}, A. and {Gondet}, B. and {Berth{\' e}}, M. and {Soufflot}, A. and {Drossart}, P. and {Combes}, M. and {Bellucci}, G. and {Moroz}, V. and {Mangold}, N. and {Schmitt}, B. and {OMEGA team}},
    title = "{Perennial water ice identified in the south polar cap of Mars}",
  journal = {Nature},
     year = 2004,
    month = apr,
   volume = 428,
    pages = {627-630}}

@ARTICLE{Bibring05,
   author = {{Bibring}, J.-P. and {Langevin}, Y. and {Gendrin}, A. and {Gondet}, B. and {Poulet}, F. and {Berth{\'e}}, M. and {Soufflot}, A. and {Arvidson}, R. and {Mangold}, N. and {Mustard}, J. and {Drossart}, P.},
    title = "{Mars Surface Diversity as Revealed by the OMEGA/Mars Express Observations}",
  journal = {Science},
     year = 2005,
    month = mar,
   volume = 307,
    pages = {1576-1581},
      doi = {10.1126/science.1108806}}

@article{Bougher99,
author="S.~W. Bougher and G.~M. Keating and R.~W. Zurek and J.~M. Murphy and R.~M. Haberle and J. Hollingsworth and R.~T. Clancy",
title="{M}ars {G}lobal {S}urveyor Aerobraking: Atmospheric trends and model interpretation",
journal="Adv. in Space Res.", volume="23", pages="1887--1897", year="1999" }
 
@article{Bougher99b,
author="S.~W. Bougher and G.~M. Keating",
title="Structure of the {M}ars upper utmosphere: {MGS} aerobraking data and model Interpretation",
journal="Fifth International Conference on{M}ars", volume="CDROM", pages="6010--6010", year="1999" }
 
@article{Boynton02,
author="W.~V.~Boynton and W.~C.~Feldman and S.~W.~Squyres and 22~others", 
title = "Distribution of hydrogen in the near surface of {M}ars: Evidence for subsurface ice deposits",
journal= "Science",
volume = "297",
pages = "81--85",
year = "2000" }

@ARTICLE{Brown10,
   author = {{Brown}, A.~J. and {Calvin}, W.~M. and {McGuire}, P.~C. and 
	{Murchie}, S.~L.},
    title = "{Compact Reconnaissance Imaging Spectrometer for Mars (CRISM) 
south polar mapping: First Mars year of observations}",
  journal = {J. Geophys. Res.(Planets)},
     year = 2010,
    month = jan,
   volume = 115,
   number = "E14",
      eid = {E00D13},
    pages = {0},
      doi = {10.1029/2009JE003333}}

@ARTICLE{Brown90,
author={{Brown}, R.~H. and {Johnson}, T.~V. and {Kirk}, R.~L. 
and {Soderblom}, L.~A.},
title = "{Energy sources for Triton's geyser-like plumes}",
journal = {Science},year = 1990,month = oct,volume = 250,pages = {431-435} }

@ARTICLE{Bullock04,
   author = {{Bullock}, M.~A. and {Moore}, J.~M. and {Mellon}, M.~T.},
    title = "{Laboratory simulations of Mars aqueous geochemistry}",
  journal = {Icarus},
     year = 2004,
    month = aug,
   volume = 170,
    pages = {404-423},
      doi = {10.1016/j.icarus.2004.03.016}}

@ARTICLE{Byrne03,
   author={{Byrne}, S. and {Ingersoll}, A.~P.},
    title = "{A Sublimation Model for Martian South Polar Ice Features}",
  journal = {Science},
     year = 2003,
    month = feb,
   volume = 299,
    pages = {1051-1053}}

@ARTICLE{Byrne03b,
   author={{Byrne}, S. and {Ingersoll}, A.~P.},
    title = "{Martian climatic events on timescales of centuries: Evidence from feature morphology in the residual south polar ice cap}",
  journal = {Geophys. Res. Let.},
     year = 2003,
    month = jul,
   volume = 30,
    pages = {29-1}}

@article{Calvin90,
author="W.~M. Calvin",
title="Additions and corrections to the absorption coefficents of {CO}$_2$ ice: Applications of the {M}artian south polar cap",
journal="J. Geophys. Res.", volume="95(B9)", pages="14743--14750", year="1990" }

@article{Calvin94,
author="W.~M. Calvin and T.~Z. Martin",
title="Spatial variability in the seasonal south polar cap of {M}ars",
journal="J. Geophys. Res.", volume="99(E10)", pages="21143--21152", year="1994" }
 
@book{Carslaw59,
author="H.~S.~Carslaw and J.~C.~Jaeger",
title="Conduction of heat in solids",
 publisher= "Oxford University Press",
 address= "London",
 note = "2nd ed., 510 pp.",
 year = "1959" }

@BOOK{ChandRT,
author="S.~Chandrasekhar",
title="Radiative Transfer", 
publisher="Dover",
year = "1960"}

@article{Chase78,
author="S.~C. Chase and J.~L. Engel and H.~W. Eyerly and H.~H. Kieffer and F.~D. Palluconi and D. Schofield",
title="Viking infrared thermal mapper",
journal="Appl. Opt.", volume="17", pages="1243--1251", year="1978" }

@ARTICLE{Christensen79,
   author = {{Christensen}, P.~R. and {Kieffer}, H.~H.},
    title = "{Moderate resolution thermal mapping of Mars - The channel terrain around the Chryse basin}",
  journal = {J. Geophys. Res.},
     year = 1979,
    month = dec,
   volume = 84,
    pages = {8233-8238},
      doi = {10.1029/JB084iB14p08233}}

@INPROCEEDINGS{Christensen78,
   author = {{Christensen}, P.~R. and {Kieffer}, H.~H. and {Palluconi}, F.~D.},
    title = "{Mars as an Infrared Calibration Standard: Incorporation of Viking IRTM Results}",
booktitle = {Bull. American Astron. Soc.},
     year = 1978,
   volume = 10,
    month = jun,
    pages = {572}}

@ARTICLE{Christensen82,
   author = {{Christensen}, P.~R.},
    title = "{Martian dust mantling and surface composition - Interpretation of thermophysical properties}",
  journal = {J. Geophys. Res.},
     year = 1982,
    month = nov,
   volume = 87,
    pages = {9985-9998},
      doi = {10.1029/JB087iB12p09985}}

@ARTICLE{Christensen83,
   author = {{Christensen}, P.~R.},
    title = "{Eolian intracrater deposits on Mars - Physical properties and global distribution}",
  journal = {Icarus},
     year = 1983,
    month = dec,
   volume = 56,
    pages = {496-518},
      doi = {10.1016/0019-1035(83)90169-0}}

@ARTICLE{Christensen84,
   author = {{Christensen}, P.~R. and {Zurek}, R.~W.},
    title = "{Martian north polar hazes and surface ice - Results from the Viking Survey/Completion mission}",
  journal = {J. Geophys. Res.},
     year = 1984,
    month = jun,
   volume = 89,
    pages = {4587-4596},
      doi = {10.1029/JB089iB06p04587}}

@ARTICLE{Christensen86,
   author = {{Christensen}, P.~R.},
title = "{Regional dust deposits on Mars - Physical properties, age, and history}",
  journal = {J. Geophys. Res.},
     year = 1986,
    month = mar,
   volume = 91,
    pages = {3533-3545},
      doi = {10.1029/JB091iB03p03533}}

@ARTICLE{Christensen86b,
   author = {{Christensen}, P.~R.},
    title = "{The spatial distribution of rocks on Mars}",
  journal = {Icarus},
     year = 1986,
    month = nov,
   volume = 68,
    pages = {217-238},
      doi = {10.1016/0019-1035(86)90020-5}}

@article{Christensen92,
 author="Christensen, Philip R. and Anderson, Donald L. and 
 Chase, Stillman C. and Clark, Roger N. and
 Kieffer, Hugh H. and Malin, Michael C. and
 Pearl, John C. and Carpenter, James and
 Bandiera, Nuno and Brown, F. G.",
title="{T}hermal {E}mission {S}pectrometer experiment - {M}ars Observer mission",
 journal= "JGR",
 volume = "97",
 pages = "7719--7734",
 year = "1992" }

@article{Christensen92s,
author={{Christensen}, P.~R. and {Anderson}, D.~L. and {Chase}, S.~C. and 
	{Clark}, R.~N. and {Kieffer}, H.~H. and {Malin}, M.~C. and {Pearl}, J.~C. and 
	{Carpenter}, J. and {Bandiera}, N. and {Brown}, F.~G.},
title=" {T}hermal {E}mission {S}pectrometer Experiment: {M}ars Observer Mission",
journal="J. Geophys. Res.", volume="97", pages="7719--7734", year="1992" }
 
@article{Christensen98,
author="P.~R. Christensen and D.~L. Anderson and S.~C. Chase and R.~T. Clancy and R.~N. Clark and B.~J. Conrath and H.~H. Kieffer and R.O. Kuzmin and M.~C. Malin and J.~C. Pearl and T.~L. Roush and M.~D. Smith",
title="Results from the {M}ars {G}lobal {S}urveyor {T}hermal {E}mission {S}pectrometer",
journal="Science", volume="279", pages="1692--1698", year="1998" }
 
@article{Christensen98b,
author="P.~R. Christensen",
title="Variations in {M}artian surface composition and cloud occurance determined from thermal infrared spectroscopy: ana;ysis of {V}iking and {M}ariner 9 data",
journal="J. Geophys. Res", volume="103", pages="1733-1746", year="1998" }

@article{Christensen99,
author="P.~R. Christensen",
title="Calibration Report for the Thermal Emission Spectrometer ({TES}) for the {M}ars {G}lobal {S}urveyor Mission",
journal="{M}ars {G}lobal {S}urveyor Project document", volume="Jet Propulsion Laboratory", pages="???--???", year="1999" }

@article{Christensen00,
author="P.~R. Christensen and J.~L.~Banfield and R.~N.Clark and K.~S.~Edgett and V.~E.~Hamilton and T.~Hofen and H.~H.~Kieffer and R.~O.~Kusmin and M.~D.~Lane and M.~C.~Malin and R.~V.~Morris and J.~C.~Pearl and R.~Pearson and T.~L.~Roush and S.~W.~Ruff and M.~D.~Smith", 
title = "Detection of crystalline hematite mineralization on {M}ars 
by the {T}hermal {E}mission {S}pectrometer: evidence for near-surface water ",
journal= "J. Geophys. Res.",
volume = "105",
pages = "9623-9642",
year = "2000" }})

@article{Christensen01,
author="P.~R. Christensen and J.~L.~Banfield and V.~E.~Hamilton and S.~W.~Ruff 
and H.~H.~Kieffer and T.~N.~Titus and M.~C.~Malin and R.~V.~Morris 
and M.~D.~Lane and R.~N.Clark and B.~M.~Jakosky and M.~T.~Mellon 
and J.~C.~Pearl and B.~J.~Conrath and M.~D.~Smith and R.~T.~Clancy 
and R.~O.~Kusmin and T.~Roush and G.~L.~Mehall and N.~Gorelick and K.~Bender 
and K.~Murray and S.~Dason and E.~Greene and S.~Silverman and M.~Greenfield",
title="{Mars Global Surveyor Thermal Emission Spectrometer experiment: Investigation description and surface science results}",
journal="J. Geophys. Res.", volume="106", pages="23,823--23,872", year="2001" }
 
@article{Christensen03,
author="P.~R. Christensen",
title="Formation of recent martian gullies through melting of extensive water-rich snow deposits ",
journal="Nature.", volume="422", pages="45--48", year="2003" }

@article{Christensen03b,
author = {{Christensen}, P.~R. and {Bandfield}, J.~L. and {Bell}, J.~F. and 
	{Gorelick}, N. and {Hamilton}, V.~E. and {Ivanov}, A. and {Jakosky}, B.~M. and 
	{Kieffer}, H.~H. and {Lane}, M.~D. and {Malin}, M.~C. and {McConnochie}, T. and 
	{McEwen}, A.~S. and {McSween}, H.~Y. and {Mehall}, G.~L. and 
	{Moersch}, J.~E. and {Nealson}, K.~H. and {Rice}, J.~W. and 
	{Richardson}, M.~I. and {Ruff}, S.~W. and {Smith}, M.~D. and 
	{Titus}, T.~N. and {Wyatt}, M.~B.},
title = "Morphology and composition of the surface of {M}ars: {M}ars {O}dyssey {THEMIS} results",
journal= "Science",
volume = "300",
pages = "2056--2061",
year = "2003" }

@article{Christensen03c,
author="P.~R. Christensen and G.~L.~Mehall and S.~H.~Silverman and 17~ Others", 
title = "The minature {T}hermal {E}mission {S}pectrometer for the {M}ars exploration rovers", 
journal = {J. Geophys. Res. (Planets)},
   year = 2003,
    month = dec,
   volume = 108,
    number = "E12",
    pages = {5-1}}

@article{Christensen04,
author="P.~R. Christensen and B.~M.~Jakosky and H.~H.~Kieffer and M.~C.~Malin 
and H.~Y.~McSween Jr. and K.~Nealson and G.~L.~Mehall and S.~H.~Silverman 
and S.~Ferry and M.~Caplinger and M.~Ravine",
title="The {T}hermal {E}mission {I}maging {S}ystem ({THEMIS}) for the {M}ars 2001{O}dyssey mission ",
  journal = {Space Science Reviews},
     year = 2004,
   volume = 110,
    pages = {85-130}}

@ARTICLE{Christensen04b,
   author = {{Christensen}, P.~R. and {Wyatt}, M.~B. and {Glotch}, T.~D. and 
{Rogers}, A.~D. and {Anwar}, S. and {Arvidson}, R.~E. and {Bandfield}, J.~L. 
and {Blaney}, D.~L. and {Budney}, C. and {Calvin}, W.~M. and {Fallacaro}, A. 
and 	{Fergason}, R.~L. and {Gorelick}, N. and {Graff}, T.~G. and 
	{Hamilton}, V.~E. and {Hayes}, A.~G. and {Johnson}, J.~R. and 
	{Knudson}, A.~T. and {McSween}, H.~Y. and {Mehall}, G.~L. and 
	{Mehall}, L.~K. and {Moersch}, J.~E. and {Morris}, R.~V. and 
	{Smith}, M.~D. and {Squyres}, S.~W. and {Ruff}, S.~W. and {Wolff}, M.~J.
	},
    title = "{Mineralogy at Meridiani Planum from the Mini-TES Experiment on the Opportunity Rover}",
  journal = {Science},
     year = 2004,
    month = dec,
   volume = 306,
    pages = {1733-1739},
      doi = {10.1126/science.1104909}}


@ARTICLE{Christensen04c,
   author = {{Christensen}, P.~R. and {Ruff}, S.~W. and {Fergason}, R.~L. and {Knudson}, A.~T. and {Anwar}, S. and {Arvidson}, R.~E. and {Bandfield}, J.~L. and {Blaney}, D.~L. and {Budney}, C. and {Calvin}, W.~M. and {Glotch}, T.~D. and {Golombek}, M.~P. and {Gorelick}, N. and {Graff}, T.~G. and {Hamilton}, V.~E. and {Hayes}, A. and {Johnson}, J.~R. and {McSween}, H.~Y. and {Mehall}, G.~L. and {Mehall}, L.~K. and {Moersch}, J.~E. and {Morris}, R.~V. and {Rogers}, A.~D. and {Smith}, M.~D. and {Squyres}, S.~W. and {Wolff}, M.~J. and {Wyatt}, M.~B.},
    title = "{Initial Results from the Mini-TES Experiment in Gusev Crater from the Spirit Rover}",
  journal = {Science},
     year = 2004,
    month = aug,
   volume = 305,
    pages = {837-842},
      doi = {10.1126/science.1100564}}

@ARTICLE{Christensen05,
   author={{Christensen}, P.~R. and {McSween}, H.~Y. and {Bandfield}, J.~L. and 
	{Ruff}, S.~W. and {Rogers}, A.~D. and {Hamilton}, V.~E. and 
	{Gorelick}, N. and {Wyatt}, M.~B. and {Jakosky}, B.~M. and {Kieffer}, H.~H. and 
	{Malin}, M.~C. and {Moersch}, J.~E.},
    title = "{Evidence for magmatic evolution and diversity on Mars from infrared observations}",
  journal = {Nature},
     year = 2005,
    month = jul,
   volume = 436,
    pages = {504-509},
      doi = {10.1038/nature03639}}

@ARTICLE{Christensen05b,
   author = {{Christensen}, P.~R. and {Ruff}, S.~W. and {Fergason}, R. and 
{Gorelick}, N. and {Jakosky}, B.~M. and {Lane}, M.~D. and {McEwen}, A.~S. and 
{McSween}, H.~Y. and {Mehall}, G.~L. and {Milam}, K. and {Moersch}, J.~E. and 
{Pelkey}, S.~M. and {Rogers}, A.~D. and {Wyatt}, M.~B.},
  title = "{Mars Exploration Rover candidate landing sites as viewed by THEMIS}",
  journal = {Icarus},
     year = 2005,
    month = jul,
   volume = 176,
    pages = {12-43},
      doi = {10.1016/j.icarus.2005.01.004}}

@ARTICLE{Christensen05c,
   author = {{Christensen}, P.~R. and {McSween}, H.~Y. and {Bandfield}, J.~L. and 
	{Ruff}, S.~W. and {Rogers}, A.~D. and {Hamilton}, V.~E. and 
	{Gorelick}, N. and {Wyatt}, M.~B. and {Jakosky}, B.~M. and {Kieffer}, H.~H. and 
	{Malin}, M.~C. and {Moersch}, J.~E.},
    title = "{Evidence for magmatic evolution and diversity on Mars from infrared observations}",
  journal = {Nature},
     year = 2005,
    month = jul,
   volume = 436,
    pages = {504-509}}

@article{Clancy95,
author="R.~T. Clancy and S.~W. Lee and G.~R. Gladstone and W.~W. McMillan and T. Roush",
title="A new model for {M}ars atmospheric dust based upon analysis of ultraviolet through infrared observations from {M}ariner 9, {V}iking and {P}hobos",
journal="J. Geophys. Res.", volume="100", pages="5251--5263", year="1995" }

 @ARTICLE{Clancy03,
   author={{Clancy}, R.~T. and {Wolff}, M.~J. and {Christensen}, P.~R.},
    title = "{Mars aerosol studies with the MGS TES emission phase function observations: Optical depths, particle sizes, and ice cloud types versus latitude and solar longitude}",
  journal = {J. Geophys. Res. (Planets)},
     year = 2003,
    month = sep,
   volume = 108,
    number = "E9",
    pages = {2-1}}

@ARTICLE{Clancy07,
   author = {{Clancy}, R.~T. and {Wolff}, M.~J. and {Whitney}, B.~A. and 
	{Cantor}, B.~A. and {Smith}, M.~D.},
    title = "{Mars equatorial mesospheric clouds: Global occurrence and physical properties from Mars Global Surveyor Thermal Emission Spectrometer and Mars Orbiter Camera limb observations}",
  journal = {Journal of Geophysical Research (Planets)},
     year = 2007,
    month = apr,
   volume = 112,
   number = E11,
    pages = {4004-+},
      doi = {10.1029/2006JE002805}}
 
@ARTICLE{Clegg09,
author="S.M.~Clegg and E.~Sklute and  M.D.~Dyar and J.E.~Barefield 
and R.C.~Wiens",
title="Multivariate analysis of remote laser-induced breakdown spectroscopy 
spectra using partial least squares, principal component analysis, 
and related techniques",
journal="Spectrochimica Acta B",
volume=64,
pages="79--88",
year=2009}

@INPROCEEDINGS{Clifford86,
   author = {{Clifford}, S.~M. and {Bartels}, C.~J.},
    title = "{The Mars Thermal Model (marstherm): a FORTRAN 77 Finite-Difference Program Designed for General Distribution}",
booktitle = {Lunar and Planetary Institute Conference Abstracts},
     year = 1986,  month = mar,  pages = {142-143}}

@ARTICLE{Clifford00,
    author={{Clifford}, S.\ M. and {Crisp}, D. and {Fisher}, D.\ A. and {Herkenhoff}, K.\ E. and {Smrekar}, S.\ E. and {Thomas}, P.\ C. and {Wynn-Williams}, D.\ D. and {Zurek}, R.\ W. and {Barnes}, J.\ R. and {Bills}, B.\ G. and {Blake}, E.\ W. and {Calvin}, W.\ M. and {Cameron}, J.\ M. and {Carr}, M.\ H. and {Christensen}, P.\ R. and {Clark}, B.\ C. and {Clow}, G.\ D. and {Cutts}, J.\ A. and {Dahl-Jensen}, D. and {Durham}, W.\ B. and {Fanale}, F.\ P. and {Farmer}, J.\ D. and {Forget}, F. and {Gotto-Azuma}, K. and {Grard}, R. and {Haberle}, R.\ M. and {Harrison}, W. and {Harvey}, R. and {Howard}, A.\ D. and {Ingersoll}, A.\ P. and {James}, P.\ B. and {Kargel}, J.\ S. and {Kieffer}, H.\ H. and {Larsen}, J. and {Lepper}, K. and {Malin}, M.\ C. and {McCleese}, D.\ J. and {Murray}, B. and {Nye}, J.\ F. and {Paige}, D.\ A. and {Platt}, S.\ R. and {Plaut}, J.\ J. and {Reeh}, N. and {Rice}, J.\ W. and {Smith}, D.\ E. and {Stoker}, C.\ R. and {Tanaka}, K.\ L. and {Mosley-Thompson}, E. and {Thorsteinsson}, T. and {Wood}, S.\ E. and {Zent}, A. and {Zuber}, M.\ T. and {Zwally}, H.\ J.},
    title = "The State and Future of Mars Polar Science and Exploration",
    journal = {Icarus},
    year = 2000,
    month = apr,
    volume = 144,
    pages = {210--242}}

@ARTICLE{Colaprete02,
    author={{Colaprete}, A. and {Toon}, O.~B.},
    title = "{Carbon dioxide snow storms during the polar night on Mars}",
    journal = {J. Geophys. Res. (Planets)},
    year = 2002,
    month = jul,
    pages = {5-1} }

@ARTICLE{Colaprete03,
   author = {{Colaprete}, A. and {Haberle}, R.~M. and {Toon}, O.~B.},
    title = "{Formation of convective carbon dioxide clouds near the south pole of Mars}",
  journal = {Journal of Geophysical Research (Planets)},
     year = 2003,
    month = jul,
   volume = 108,
    pages = {17-1},
      doi = {10.1029/2003JE002053}}

@ARTICLE{Colaprete03b,
   author = {{Colaprete}, A. and {Toon}, O.~B.},
    title = "{Carbon dioxide clouds in an early dense Martian atmosphere}",
  journal = {Journal of Geophysical Research (Planets)},
     year = 2003,
    month = apr,
   volume = 108,
    pages = {6-1},
      doi = {10.1029/2002JE001967}}

@ARTICLE{Colaprete05,
author="A.~Colaprete and J.~R.~Barnes and R.~M.~Haberle and J.~L.~Hollingsworth and H.~H.~Kieffer and T.~N.Titus",
    title = "Albedo of the south pole on {M}ars determined by topographic forcing of atmosphere dynamics",
  journal = {Nature},
     year = 2005,
   volume = "435",
    pages = {184-188},
doi = {10.1038/nature03561}}

@article{Condit78,
author="C.~D. Condit and L.~A. Soderblom",
title="Geologic Map of the {M}are Australe Area of {M}ars",
journal="U.S.G.S. Misc. Inv. Series Map", volume="I-1076", pages="none", year="1978" }
 
@article{Conrath00,
author="B.~J. Conrath and J.~C. Pearl and M.~D. Smith and W.~C. Maguire 
and P.~R. Christensen and S. ~Dason and M.S.~Kaelberer",
title="{Mars Global Surveyor Thermal Emission Spectrometer~(TES) observations: 
Atmospheric temperatures during arerobraking and science phaseing}",
journal="J. Geophys. Res.", volume=105, pages={9509-9520}, year=2000,
      doi = {10.1029/1999JE001095} }

@ARTICLE{Cornwall10,
   author = {{Cornwall}, C. and {Titus}, T.~N.},
    title = "{A comparison of Martian north and south polar cold spots and the long-term effects of the 2001 global dust storm}",
  journal = {Journal of Geophysical Research (Planets)},
 keywords = {Planetary Sciences: Solar System Objects: Mars, Planetary Sciences: Solid Surface Planets: Polar regions, Atmospheric Processes: Polar meteorology, Planetary Sciences: Solid Surface Planets: Ices},
     year = 2010,
    month = jun,
   volume = 115,
   number = E14,
    pages = {6011-+},
      doi = {10.1029/2009JE003514}}
@article{Cushing08,
 author="G.E.~Cushing and T.N.~Titus",
 title = "{MGS-TES thermal inertia study of the Arsia Mons Caldera}",
 journal= "J. Geophys. Res.",
 volume = "113",
 pages = "E06006",
 year = "2008",
doi={10.1029/2007JE002910}}
 
@article{Cutts73,
author="J.~A. Cutts",
title="Nature and origin of layered deposits of the {M}artian polar regions",
journal="J. Geophys. Res.", volume="78", pages="4231--4249", year="1973" }
 
@article{Cutts82,
author="J.~A. Cutts and B.~H. Lewis",
title="Models of climatic cycles recorded in {M}artian polar layered deposits",
journal="Icarus", volume="50", pages="216--244", year="1982" }
 
@article{Davies45,
author="C.~N. Davies",
title="Definitive equations for the fluid resistance of spheres",
journal="Proc. Phys. Soc. London", volume="???", pages="259--270", year="1945" }
 
@article{Ditteon79,
 author="R. Ditteon and H.~H. Kieffer",
title = "Optical properties of solid {CO}$_2$ - Application to {M}ars",
 journal= "J. Geophys. Res.",
 volume = "84",
 pages = "8294--8300",
 year = "1979" }
  
@article{Ditteon82,
 author="R. Ditteon",
   title = "{Daily temperature variations on Mars}",
 journal= "J. Geophys. Res.",
 volume = "87",
 pages = "10197--10214",
 year = "1982" }

@ARTICLE{Durham99,
   author = {{Durham}, W.~B. and {Kirby}, S.~H. and {Stern}, L.~A.},
    title = "{Steady-state flow of solid CO$_2$: Preliminary results}",
  journal = {Geophys. Res. Let},
     year = 1999,
   volume = 26,
    pages = {3493-3496},
      doi = {10.1029/1999GL008373} }

@INPROCEEDINGS{Durham99a,
   author = {{Durham}, W.~B. and {Kirby}, S.~H. and {Stern}, L.~A.},
    title = "{The Rheology of Solid Carbon Dioxide: New Measurements}",
booktitle = {Lunar and Planetary Institute Conference Abstracts},
     year = 1999,
   editor = {(null)},
    month = mar,
    pages = {2017-+} }

@book{Dushman62,
author="S. Dushman",
booktitle="Scientific Foundations of Vacuum Technique",
title="Scientific Foundations of Vacuum Technique",
 publisher="John Wiley 2nd Edition, New York", pages="1--", year="1962" }

@ARTICLE{Edgett91,
   author = {{Edgett}, K.~S. and {Christensen}, P.~R.},
    title = "{The particle size of Martian aeolian dunes}",
  journal = {J. Geophys. Res},
     year = 1991,
    month = dec,
   volume = 96,
    pages = {22765-+}}

@INPROCEEDINGS{Edgett00,
   author = {{Edgett}, K.~S. and {Supulver}, K.~D. and {Malin}, M.~C.},
    title = "{Spring Defrosting of Martian Polar Regions: Mars Global Surveyor MOC and TES Monitoring of the Richardson Crater Dune Field, 1999-2000}",
booktitle = {2nd International Conf. on Mars Polar Science and Exploration},
     year = 2000,
    month = aug,
    pages = {34-+}}

@article{Elusk93,
author="J. Eluskiewicz",
title="On the microphysical state of the {M}artian polar caps",
journal="Icarus", volume="103", pages="43--48", year="1993" }
 
@ARTICLE{Eluszk05,
   author = {{Eluszkiewicz}, J. and {Moncet}, J.-L. and {Titus}, T.~N. and {Hansen}, G.~B.},
    title = "{A microphysically-based approach to modeling emissivity and albedo of the martian seasonal caps}",
  journal = {Icarus},
     year = 2005,
    month = apr,
   volume = 174,
    pages = {524-534},
      doi = {10.1016/j.icarus.2004.05.025}}

@book{Ezell84,
   author = "E.C.~Ezell and L.N.~Ezell",
    title = "{On Mars, Exploration of the red planet, 1958-1978}",
publisher="NASA",
year=1984,
series="SP", 
volume=4212 }

@incollection{Fanale92,
author="F.~P. Fanale and S.~E. Postawko and J.~B. Pollack and M.~H. Carr and R.O. Pepin",
title="{M}ars: epochal climate change and volatile history",
booktitle="\textit{Mars}, edited by H.H. Kieffer et al.", publisher="Univ. of Ariz. Press, Tucson", chapter="32", pages="1135--1179", year="1992" }
 
@article{Farmer76,
author="C.~B. Farmer and D.~W. Davies and D.~D. LaPorte",
title="{M}ars: Northern summer ice cap water vapor observations from {V}iking 2",
journal="Science", volume="194", pages="1339--1341", year="1976" }
 
@article{Farmer79,
 author="C.~B. Farmer and P.~E.~Doms",
 title = "Global and seasonal variation of water vopor on {M}ars and 
the implications for permafrost",
 journal= "J. Geophys. Res",
 volume = "84",
 pages = "2881--2888",
 year = "1979" }

@article{Feldman02,
author="W.~C.~Feldman and W.~V.~Boynton and R.~L.~Tokar and 10~others", 
title = "Global distribution of neutrons from {M}ars: results from the {M}ars {O}dyssey",
journal= "Science",
volume = "297",
pages = "75--78",
year = "2002" }

@ARTICLE{Feldman03,
   author={{Feldman}, W.~C. and {Prettyman}, T.~H. and {Boynton}, W.~V. and 
	{Murphy}, J.~R. and {Squyres}, S. and {Karunatillake}, S. and 
	{Maurice}, S. and {Tokar}, R.~L. and {McKinney}, G.~W. and {Hamara}, D.~K. and 
	{Kelly}, N. and {Kerry}, K.},
    title = "{CO$_2$ frost cap thickness on Mars during northern winter and spring}",
  journal = {J. Geophys. Res.},
     year = 2003, volume = 108,
    month = sep,
    number = "E9",
    pages = {7-1}}

@ARTICLE{Feldman04,
   author = {{Feldman}, W.~C. and {Prettyman}, T.~H. and {Maurice}, S. and 
{Plaut}, J.~J. and {Bish}, D.~L. and {Vaniman}, D.~T. and {Mellon}, M.~T. and 
	{Metzger}, A.~E. and {Squyres}, S.~W. and {Karunatillake}, S. and 
	{Boynton}, W.~V. and {Elphic}, R.~C. and {Funsten}, H.~O. and 
	{Lawrence}, D.~J. and {Tokar}, R.~L.},
    title = "{Global distribution of near-surface hydrogen on Mars}",
  journal =  {J. Geophys. Res.},
     year = 2004,
    month = sep,
   volume = 109,
   number = {E18},
    pages = {9006-+},
      doi = {10.1029/2003JE002160}}

@ARTICLE{Feldman07,
   author = {{Feldman}, W.~C. and {Mellon}, M.~T. and {Gasnault}, O. and 
{Diez}, B. and {Elphic}, R.~C. and {Hagerty}, J.~J. and {Lawrence}, D.~J. and 
	{Maurice}, S. and {Prettyman}, T.~H.},
    title = "{Vertical distribution of hydrogen at high northern latitudes on Mars: The Mars Odyssey Neutron Spectrometer}",
  journal = {Geophys. Res. Lett.},
     year = 2007,
    month = mar,
   volume = 34,
    pages = {5201-+},
      doi = {10.1029/2006GL028936}}

@ARTICLE{Feldman08,
   author = {{Feldman}, W.~C. and {Bourke}, M.~C. and {Elphic}, R.~C. and 
	{Maurice}, S. and {Bandfield}, J. and {Prettyman}, T.~H. and 
	{Diez}, B. and {Lawrence}, D.~J.},
    title = "{Hydrogen content of sand dunes within Olympia Undae}",
  journal = {Icarus},
     year = 2008,
    month = aug,
   volume = 196,
    pages = {422-432},
      doi = {10.1016/j.icarus.2007.08.044}}

@ARTICLE{Fenton00,
author={{Fenton}, L.~K. and {Herkenhoff}, K.~E.},
title = "{Topography and Stratigraphy of the Northern Martian Polar Layered 
Deposits Using Photoclinometry, Stereogrammetry, and MOLA Altimetry}",
journal = {Icarus},year = 2000,month = oct,volume = 147,pages = {433-443} }

@ARTICLE{Fergason06a,
   author = {{Fergason}, R.~L. and {Christensen}, P.~R. and {Bell}, J.~F. and 
	{Golombek}, M.~P. and {Herkenhoff}, K.~E. and {Kieffer}, H.~H.
	},
    title = "{Physical properties of the Mars Exploration Rover landing sites as inferred from Mini-TES-derived thermal inertia}",
  journal = {Journal of Geophysical Research (Planets)},
     year = 2006,
    month = feb,
   volume = 111,
   number = "E10",
    pages = {2-+},
      doi = {10.1029/2005JE002583}}

@ARTICLE{Fergason06b,
author="R.~L.~Fergason and P.~R.~Christensen and H.~H.~Kieffer",
title = "{High resolution thermal inertia derived from {THEMIS}: thermal model and applications}",
journal = " J. Geophys.Res (Planets)",
year = 2006,
volume =111,
pages ="E12004",
doi ={10.1029/2006JE002735}}

@ARTICLE{Fergason12,
author="R.~L.~Fergason and P.~R.~Christensen and M.P.~Golombek and  T.J.~Parker",
    title = "{Surface properties of the Mars Science Laboratory Candidate Landing
Sites:  Characterization from Orbit and Predictions}",
 journal = "Space Sci. Rev",
     year = 2012,
    pages = {in press}}

@ARTICLE{Folkner94,
   author = {{Folkner}, W.~M. and {Charlot}, P. and {Finger}, M.~H. and {Williams}, J.~G. and 	{Sovers}, O.~J. and {Newhall}, X. and {Standish}, Jr., E.~M. },
    title = "{Determination of the extragalactic-planetary frame tie from joint analysis of radio interferometric and lunar laser ranging measurements}",
  journal = {Astron. Astrophys.},
     year = 1994,
    month = jul,
   volume = 287,
    pages = {279-289}}

@ARTICLE{Folkner97,
   author = {{Folkner}, W.~M. and {Yoder}, C.~F. and {Yuan}, D.~N. and {Standish}, E.~M. and 
	{Preston}, R.~A.},
    title = "{Interior Structure and Seasonal Mass Redistribution of Mars from Radio Tracking of Mars Pathfinder}",
  journal = {Science},
     year = 1997,
    month = dec,
   volume = 278,
    pages = {1749-+}}

@PROCEEDINGS{Folkner14,
author = {W.M. Folkner and J.G. Williams and D.H. Boggs and R.S. Park and P. Kuchynka},
title = "{The Planetary and Lunar Ephemerides DE430 and DE431}",
organization={IPN Progress Report 42-196}, 
year=2014,
month="February",
 url = {http://naif.jpl.nasa.gov/pub/naif/generic\_kernels/spk/planets/},
note="Available at \url{http://naif.jpl.nasa.gov/pub/naif/generic\_kernels/spk/planets/}  as de430\_and\_de431.pdf" }

@article{Forget95,
author="F.~Forget and G.~B.~Hansen and J.~B.~Pollack",
title="Low brightness temperatures of the {M}artian polar caps: {CO}$_2$ clouds or low surface emissivity?",
journal="J. Geophys. Res.", volume="100", pages="21219--21234", year="1995" }
 
@article{Forget96,
author="F. Forget and J.~B. Pollack",
title="Thermal infrared observations of the condensing {M}artian polar caps: {CO}$_2$ ice temperatures and radiative budget",
journal="J. Geophys.Res.", volume="101", pages="16865--16879", year=1996 }
 
@incollection{Forget98,
author="F.~Forget",
title="{Mars CO$_2$ ice polar caps}",
booktitle="Solar System Ices, B.Schmidtt~et~al.Eds", 
pages="477-507",
   series = {Astrophysics and Space Science Library},
   volume = 227,
publisher="Kluwer Acad. Pub.",
year=1998 }

@article{Forget98b,
author="F. Forget and F. Hourdin and O. Talagrand",
title="{CO}$_2$ snowfall on {M}ars: Simulation with a General Circulation Model",
journal="Icarus", volume=131, pages="302--316", year=1998 }

@ARTICLE{Forget06,
   author = {{Forget}, F. and {Haberle}, R.~M. and {Montmessin}, F. 
and {Levrard}, B. and {Head}, J.~W.},
    title = "{Formation of Glaciers on Mars by Atmospheric Precipitation at High Obliquity}",
  journal = {Science}, year = 2006, month = jan, volume = 311, pages = {368-371},
      doi = {10.1126/science.1120335}}

@ARTICLE{Forget07,
   author = {{Forget}, F. and {Spiga}, A. and {Dolla}, B. and {Vinatier}, S. and 
	{Melchiorri}, R. and {Drossart}, P. and {Gendrin}, A. and {Bibring}, J.-P. and 
	{Langevin}, Y. and {Gondet}, B.},
    title = "{Remote sensing of surface pressure on Mars with the Mars Express/OMEGA spectrometer: 1. Retrieval method}",
  journal = {J. Geophys. Res. (Planets)},
     year = 2007,
    month = aug,
   volume = 112,
   number = E11,
      eid = {E08S15},
    pages = {8},
      doi = {10.1029/2006JE002871} }

@ARTICLE{Forget11,
    author = {{Forget}, F. and {Millour}, E. and {Madeleine}, J.-B. and 
{Colaitis}, A. and {Spiga}, A. and {Montabone}, L. and {Hourdin}, F. and 
{Lef{\`e}vre}, F. and {Montmessin}, F. and {Gonzalez-Galindo}, F. and 
{Lopez-Valverde}, M.~A. and {Lewis}, S.~R. and {Read}, P.~R. and 
{Mulholland}, D.},
    title = "{Back to The Basics: Improving the Prediction of Temperature, Pressure and Winds in the LMD General Circulation Model}",
  journal = {online at http://www-mars.lmd.jussieu.fr/paris2011/program.html},
     year = 2011,
   editor = {{Forget}, F. and {Millour}, E.},
    month = feb,
    pages = {64-67},
note="{Fourth International Workshop on the Mars Atmosphere: Modelling and Observations}" }
%booktitle = {Mars Atmosphere: Modelling and observation},

@article{Gatley74,
author="I.~Gatley and H.~H.~Kieffer and E.~Miner and G.~Neugebauer",
title="Infrared observations of {P}hobos from {M}ariner 9",
volume = 190,
pages = "497--503",
journal= "Astrophys. Jour.",
year = 1974}
 
@article{Gierasch72,
author="P.~J. Gierasch",
title="The effect of dust on the temperature of the {M}ars atmosphere",
journal="J. Atmos. Sci.", volume="29", pages="400--402", year="1972" }Geophys. Res.", volume="this issue", pages="???", year="2000" }

@INPROCEEDINGS{Giuranna04,
   author = {{Giuranna}, M. and {Formisano}, V. and {Hansen}, G.~B. and {Fonti}, S. and 
	{Grassi}, D. and {Ignatiev}, N.~I. and {Khatuntsev}, I.~V. and 
	{Maturilli}, A. and {Piccioni}, G. and {Zasova}, L.},
    title = "{PFS observations of polar ice composition at Mars}",
booktitle = {35th COSPAR Scientific Assembly},
     year = 2004,
   editor = {(null)},
    pages = {2646-+}}

@ARTICLE{Glandorf02,
   author = {{Glandorf}, D.~L. and {Colaprete}, A. and {Tolbert}, M.~A. and 
	{Toon}, O.~B.},
    title = "{CO$_2$ Snow on Mars and Early Earth: Experimental Constraints}",
  journal = {Icarus},
     year = 2002,
    month = nov,
   volume = 160,
    pages = {66-72},
      doi = {10.1006/icar.2002.6953}}

@ARTICLE{Glenar05,
   author = {{Glenar}, D.~A. and {Hansen}, G. and {Bjoraker}, G. and {Smith}, M. and 
	{Pearl}, J. and {Blaney}, D.},
    title = "{Bright-region radiative properties within the Mars south polar cap (L$_s$=231) from near-infrared spectroscopic imaging}",
  journal = {Icarus},
     year = 2005,
    month = apr,
   volume = 174,
    pages = {600-603},
      doi = {10.1016/j.icarus.2004.09.012}}

@ARTICLE{Glotch05,
   author = {{Glotch}, T.~D. and {Christensen}, P.~R.},
    title = "{Geologic and mineralogic mapping of Aram Chaos: Evidence for a water-rich history}",
  journal = {J. Geophys. Res.(Planets)},
     year = 2005,
    month = sep,
   volume = 110,
   number = "E9",
    pages = {9006-+},
      doi = {10.1029/2004JE002389}}

@ARTICLE{Golombek97,
   author = {{Golombek}, M.~P. and {Cook}, R.~A. and {Moore}, H.~J. and {Parker}, T.~J.},
    title = "{Selection of the Mars Pathfinder landing site}",
  journal = {J. Geophys. Res.(Planets)},
     year = 1997,
    month = feb,
   volume = 102,
    pages = {3967-3988},
      doi = {10.1029/96JE03318}}

@ARTICLE{Golombek97b,
   author = {{Golombek}, M.~P. and {Cook}, R.~A. and {Economou}, T. and {Folkner}, W.~M. and {Haldemann}, A.~F.~C. and {Kallemeyn}, P.~H. and {Knudsen}, J.~M. and {Manning}, R.~M. and {Moore}, H.~J. and {Parker}, T.~J. and {Rieder}, R. and {Schofield}, J.~T. and {Smith}, P.~H. and {Vaughan}, R.~M.},
    title = "{Overview of the Mars Pathfinder Mission and Assessment of Landing Site Predictions}",
  journal = {Science},
     year = 1997,
    month = dec,
   volume = 278,
    pages = {1743-+}}

@ARTICLE{Golombek03,
   author = {{Golombek}, M.~P. and {Haldemann}, A.~F.~C. and {Forsberg-Taylor}, N.~K. and {DiMaggio}, E.~N. and {Schroeder}, R.~D. and {Jakosky}, B.~M. and {Mellon}, M.~T. and {Matijevic}, J.~R.},
    title = "{Rock size-frequency distributions on Mars and implications for Mars Exploration Rover landing safety and operations}",
  journal = {J. Geophys. Res.(Planets)},
     year = 2003,
    month = oct,
   volume = 108,
   number = "E12",
    pages = {27-1},
      doi = {10.1029/2002JE002035}}

@ARTICLE{Golombek03b,
   author = {{Golombek}, M.~P. and {Grant}, J.~A. and {Parker}, T.~J. 
and {Kass}, D.~M. and {Crisp}, J.~A. and {Squyres}, S.~W. and 
{Haldemann}, A.~F.~C. and {Adler}, M. and {Lee}, W.~J. and {Bridges}, N.~T. 
and {Arvidson}, R.~E. and {Carr}, M.~H. and {Kirk}, R.~L. and 
{Knocke}, P.~C. and {Roncoli}, R.~B. and {Weitz}, C.~M. and 
{Schofield}, J.~T. and {Zurek}, R.~W. and {Christensen}, P.~R. and 
{Fergason}, R.~L. and {Anderson}, F.~S. and {Rice}, J.~W.},
    title = "{Selection of the Mars Exploration Rover landing sites}",
  journal = {J. Geophys. Res.(Planets)},
     year = 2003,
    month = dec,
   volume = 108,
    pages = {8072-+},
      doi = {10.1029/2003JE002074} } 

@ARTICLE{Golombek05,
   author = {{Golombek}, M.~P. and {Arvidson}, R.~E. and {Bell}, J.~F. and 
	{Christensen}, P.~R. and {Crisp}, J.~A. and {Crumpler}, L.~S. and 
	{Ehlmann}, B.~L. and {Fergason}, R.~L. and {Grant}, J.~A. and 
	{Greeley}, R. and {Haldemann}, A.~F.~C. and {Kass}, D.~M. and 
	{Parker}, T.~J. and {Schofield}, J.~T. and {Squyres}, S.~W. and 
	{Zurek}, R.~W.},
    title = "{Assessment of Mars Exploration Rover landing site predictions}",
  journal = {Nature},
     year = 2005,
    month = jul,
   volume = 436,
    pages = {44-48},
      doi = {10.1038/nature03600}}

@ARTICLE{Golombek06,
   author = {{Golombek}, M.~P. and {Crumpler}, L.~S. and {Grant}, J.~A. and 
{Greeley}, R. and {Cabrol}, N.~A. and {Parker}, T.~J. and {Rice}, J.~W. and 
	{Ward}, J.~G. and {Arvidson}, R.~E. and {Moersch}, J.~E. and 
	{Fergason}, R.~L. and {Christensen}, P.~R. and {Casta{\~n}o}, A. and 
	{Casta{\~n}o}, R. and {Haldemann}, A.~F.~C. and {Li}, R. and 
	{Bell}, J.~F. and {Squyres}, S.~W.},
    title = "{Geology of the Gusev cratered plains from the Spirit rover transverse}",
  journal = {J. Geophys. Res. (Planets)},
     year = 2006,
    month = jan,
   volume = 111,
   number = "E10",
    pages = {2-+},
      doi = {10.1029/2005JE002503}}


@ARTICLE{Golombek12,
  author = "{M.P.~Golombek and 23 others}",
 title = "{Selection of the Mars Science Laboratory Landing Site}",
 journal = "Space Sci. Rev",
     year = 2012,
   volume = 0,
    pages = {in press}}

@INPROCEEDINGS{Gooding86,
   author = {{Gooding}, J.~L.},
    title = "{Water-Ice in the Martian Regolith: Experimental Investigation of Lithologic Effects}",
booktitle = {Lunar and Planetary Institute Conference Abstracts},
     year = 1986,
    month = mar,
    pages = {271-272}}

@incollection{Greeley92,
author="R.~Greeley and N.~Lancaster and S.~Lee and P.~Thomas",
title = "Martian aeolian processes, sediments, and features",
booktitle="\textit{Mars}, edited by H.H. Kieffer et al.",
publisher="Univ. of Ariz. Press, Tucson",
chapter= "22", 
pages="730--766",
year = "1992" }


@ARTICLE{Greeley06,
   author = {{Greeley}, R. and {Arvidson}, R.~E. and {Barlett}, P.~W. and 
	{Blaney}, D. and {Cabrol}, N.~A. and {Christensen}, P.~R. and 
	{Fergason}, R.~L. and {Golombek}, M.~P. and {Landis}, G.~A. and 
	{Lemmon}, M.~T. and {McLennan}, S.~M. and {Maki}, J.~N. and 
	{Michaels}, T. and {Moersch}, J.~E. and {Neakrase}, L.~D.~V. and 
	{Rafkin}, S.~C.~R. and {Richter}, L. and {Squyres}, S.~W. and 
	{de Souza}, P.~A. and {Sullivan}, R.~J. and {Thompson}, S.~D. and 
	{Whelley}, P.~L.},
    title = "{Gusev crater: Wind-related features and processes observed by the Mars Exploration Rover Spirit}",
  journal = {J. Geophys. Res.(Planets)},
     year = 2006,
    month = jan,
   volume = 111,
   number = "E10",
    pages = {2-+},
      doi = {10.1029/2005JE002491}}

@ARTICLE{Grundy98,
   author = {{Grundy}, W.~M. and {Schmitt}, B.},
    title = "{The temperature-dependent near-infrared absorption spectrum of hexagonal H$_2$O ice}",
  journal = {J. Geophys. Res.},
     year = 1998,
    month = nov,
   volume = 103,
    pages = {25809-25822},
      doi = {10.1029/98JE00738}}

@ARTICLE{Grundy00,
   author = {{Grundy}, W.~M. and {Dout{\'e}}, S. and {Schmitt}, B.},
    title = "{A Monte Carlo ray-tracing model for scattering and polarization by large particles with complex shapes}",
  journal = {J. Geophys. Res.},
     year = 2000,
    month = dec,
   volume = 105,
    pages = {29291-29314},
      doi = {10.1029/2000JE001276}}

@ARTICLE{Grundy02,
   author = {{Grundy}, W.~M. and {Schmitt}, B. and {Quirico}, E.},
    title = "{The Temperature-Dependent Spectrum of Methane Ice I between 0.7 and 5 {$\mu$}m and Opportunities for Near-Infrared Remote Thermometry}",
  journal = {Icarus},
     year = 2002,
    month = feb,
   volume = 155,
    pages = {486-496},
      doi = {10.1006/icar.2001.6726}}

@article{Haber91,
 author="R.~M.~Haberle and B.~M.~Jakosky",
 title="Atmospheric effects on the remote determination of thermal inertia on {M}ars",
journal="Icarus", volume="90", pages="187--204", year="1991" }

@ARTICLE{Haberle93,
   author = {{Haberle}, R.~M. and {Pollack}, J.~B. and {Barnes}, J.~R. and 
	{Zurek}, R.~W. and {Leovy}, C.~B. and {Murphy}, J.~R. and {Lee}, H. and 
	{Schaeffer}, J.},
    title = "{Mars atmospheric dynamics as simulated by the NASA AMES General Circulation Model. I - The zonal-mean circulation}",
  journal = {J. Geophys. Res.},
     year = 1993,
    month = feb,
   volume = 98,
    pages = {3093-3123}}

@ARTICLE{Haberle01,
   author = {{Haberle}, R.~M. and {McKay}, C.~P. and {Schaeffer}, J. and 
	{Cabrol}, N.~A. and {Grin}, E.~A. and {Zent}, A.~P. and {Quinn}, R.
	},
    title = "{On the possibility of liquid water on present-day Mars}",
  journal = {J. Geophys. Res.},
     year = 2001,
    month = oct,
   volume = 106,
    pages = {23317-23326},
      doi = {10.1029/2000JE001360}}

@ARTICLE{Haberle04,
   author={{Haberle}, R.~M. and {Mattingly}, B. and {Titus}, T.~N.},
    title = "{Reconciling different observations of the CO$_2$ ice mass loading of the Martian north polar cap}",
  journal = {Geophys. Res. Let.},
     year = 2004,
    month = mar,
   volume = 31,
    pages = {5702-+},
      doi = {10.1029/2004GL019445}}

@ARTICLE{Haberle06,
   author = {{Haberle}, R.~M. and {Kahre}, M.~A. and {Murphy}, J.~R. and 
	{Christensen}, P.~R. and {Greeley}, R.},
    title = "{Role of dust devils and orbital precession in closing the Martian dust cycle}",
  journal = {Geophys. Res. Let.},
     year = 2006,
    month = sep,
   volume = 33,
    pages = {19-+},
      doi = {10.1029/2006GL026188}}

@ARTICLE{Haberle08,
   author = {{Haberle}, R.~M. and {Forget}, F. and {Colaprete}, A. and {Schaeffer}, J. and 
	{Boynton}, W.~V. and {Kelly}, N.~J. and {Chamberlain}, M.~A.},
    title = "{The effect of ground ice on the Martian seasonal CO$_{2}$ cycle}",
  journal = {Plan. Space Sci.},
     year = 2008,
   volume = 56,
    pages = {251-255},
      doi = {10.1016/j.pss.2007.08.006}}

@article{Hanel72a,
author="R. Hanel and B. Conrath and W. Hovis and V. Kunde and P. Lowman and W. Maguire and J. Pearl and J. Pirraglia and C. Prabhakara and B. Schlachman and G. Levin and P. Straat and T. Burke",
title="Investigation of the {M}artian environment by infrared spectroscopy on {M}ariner 9",
journal="Icarus", volume="17", pages="423--442", year="1972" }
 
@article{Hanel72b,
author="R.~A. Hanel and B.~J. Conrath and W.~A. Hovis and W.~A. Kunde and P.~D. Lowman and J.~C. Pearl and C. Prabhakara and B. Schlachman",
title="Infrared spectroscopy experiment on the {M}ariner 9 mission: Preliminary results",
journal="J. Geophys. Res. 175", volume="305-308", pages="", year="1972" }

@article{Hansen77,
author="O.~L.~Hansen",
title="An Explication of the Radiometric Method for Size 
and Albedo Determination",
journal="Icarus", volume="31", pages="457--482", year="1977" }
 
@article{Hansen74,
author="J.~E. Hansen and L.~D. Travis",
title="Light scattering in planetary atmospheres",
journal="Space Science Reviews", volume="16", pages="527--610", year="1974" }
 
@article{Hansen97,
author="G.~B. Hansen",
title="The infrared absorption spectrum of carbon dioxide ice from 1.8 to 333 micrometers",
journal="J. Geophys. Res.", volume="102", pages="21569--21587", year="1997" }
  
@article{Hansen97b,
author="G.~B. Hansen",
title="Spectral absorption spectrum of solid CO$_2$ from the ultraviolet to the far-infrared",
journal="Adv.Space Res.", volume="20", pages="1613-1616", year="1997" }

@inproceedings{Hansen98,
 author="G. Hansen",
title = "Radiative Effects of {CO}$_2$ in the {M}artian Polar Caps from MGS",
  booktitle = "Bull. Amer. Astron. Soc.",
 note = "DPS meeting \#30, \#11.01",
 year = "1998" }
 
@article{Hansen99,
 author="G. Hansen",
title = "Control of the radiative behavior of the {M}artian polar
caps by surface {CO}$_2$ ice: Evidence from {M}ars {G}lobal {S}urveyor
measurements.",
 journal= "JGR",
volume = "104",
pages = "16471--16486",
 year = "1999" }

@ARTICLE{Hansen01,
    author={{Hansen}, G.~B.},
    title = "{The Distribution of Water Ice and Dust in the North Seasonal Polar Cap of Mars}",
    journal = {AGU Fall Meeting Abstracts},
volume = "00",
    year = 2001,
    month = dec }

@INPROCEEDINGS{Hansen03,
   author = {{Hansen}, G.~B.},
    title = "{Evolution of Low-Emissivity Spots in the Martian Winter Polar Caps: Mobility of Dust Grains}",
booktitle = {Third International Conference on Mars Polar Science and Exploration},
     year = 2003,
   editor = {{Clifford}, S. and {Doran}, P. and {Fisher}, D. and {Herd}, C.},
    month = oct,
    pages = {8103-+}}

@INPROCEEDINGS{Hansen03c,
   author = {{Hansen}, G.~B.},
    title = "{Infrared Optical Constants of Martian Dust Derived from Martian Spectra}",
booktitle = {Sixth International Conference on Mars},
     year = 2003,
   editor = {{Albee}, A.},
    month = jul,
    pages = {3194-+}}

@ARTICLE{Hansen05,
   author = {{Hansen}, G.~B.},
    title = "{Ultraviolet to near-infrared absorption spectrum of carbon dioxide ice from 0.174 to 1.8 {$\mu$}m}",
  journal = {Journal of Geophysical Research (Planets)},
     year = 2005,
    month = nov,
   volume = 110,
   number = "E9",
    pages = {11003-+},
      doi = {10.1029/2005JE002531}}

@book{Hapke93b,
author="B. Hapke",
title="Theory of Reflectance and Emittance Spectroscopy",
 publisher= "Cambridge Univ. Press",
 address= "Cambridge",
 note = "1st ed., 455 pp.",
 year = "1993" }
 
@ARTICLE{Hayashi95,
   author = {{Hayashi}, J.~N. and {Jakosky}, B.~M. and {Haberle}, R.~M.},
title="Atmospheric effects on the mapping of Martian thermal inertia and thermally derived albedo",
journal="J. Geophys. Res.",
     year = 1995,
    month = mar,
   volume = 100,
    pages = {5277-5284},
      doi = {10.1029/94JE02449}}

@ARTICLE{Helbert03,
   author = {{Helbert}, J. and {Benkhoff}, J.},
    title = "{A new approach to assessing the burial depth of ground ice deposits and its application to proposed MER landing sites in Isidis Planitia}",
  journal = {J. Geophys. Res.},
     year = 2003,
    month = oct,
   volume = 108,
    pages = {8087},
      doi = {10.1029/2002JE002021}}
 %      eid = {8087},

@ARTICLE{Helbert06,
   author = {{Helbert}, J. and {Arnold}, G. and {Benkhoff}, J. and {Hirsch}, H. 
 and {Maturilli}, A. and {Formisano}, V. and {Giuranna}, M.},
    title = "{Comparison of surface temperatures measured by the Planetary Fourier Spectrometer (PFS) on Mars Express with predictions from the Berlin Mars near Surface Thermal model (BMST) for the BEAGLE 2 landing site in Isidis Planitia}",
  journal = {Advances in Space Research},
     year = 2006,
   volume = 38,
    pages = {709-712},
      doi = {10.1016/j.asr.2005.05.007} }

@ARTICLE{Heldmann04,
   author = {{Heldmann}, J.~L. and {Mellon}, M.~T.},
    title = "{Observations of martian gullies and constraints on potential formation mechanisms}",
  journal = {Icarus},
     year = 2004,
    month = apr,
   volume = 168,
    pages = {285-304},
      doi = {10.1016/j.icarus.2003.11.024}}

@ARTICLE{Heldmann05,
   author = {{Heldmann}, J.~L. and {Toon}, O.~B. and {Pollard}, W.~H. and 
{Mellon}, M.~T. and {Pitlick}, J. and {McKay}, C.~P. and {Andersen}, D.~T.},
    title = "{Formation of Martian gullies by the action of liquid water flowing under current Martian environmental conditions}",
  journal = {J.Geophys.Res.(Planets)},
     year = 2005,
    month = may,
   volume = 110,
   number = E9,
    pages = {5004-+},
      doi = {10.1029/2004JE002261}}

@article{Herkenhoff90,
author="K.~E. Herkenhoff and B.~C. Murray",
title="Color and albedo of the south polar layered deposits on {M}ars",
journal="J. Geophys. Res. 95", volume="1343-1358", pages="", year="1990" }

 @ARTICLE{Herkenhoff00,
 author={{Herkenhoff}, K.~E. and {Plaut}, J.~J.},
 title = "{Surface Ages and Resurfacing Rates of the Polar Layered Deposits on Mars}",
 journal = {Icarus}, year = 2000, month = apr, volume = 144, pages = {243-253} }

@article{Hess79,
author="S.~L. Hess",
title="Static stability and thermal wind in an atmosphere of variable composition",
journal="J. Geophys. Res. 84", volume="2969-2973", pages="", year="1979" }
 
@BOOK{Hilsenrath60,
author="J.~ Hilsenrath and W.S.~Benedict and  C.W.~Beckett and 6 others", 
title="Tables of thermodynamic and transport properties of air, argon, carbon dioxide, carbon monoxide, hydrogen, nitrogen, oxygen, and steam", 
publisher="Pergamon Press",
note="Revised NBS circ. 564,  1955",
year = "1960"} 


@ARTICLE{Hinson04,
   author = {{Hinson}, D.~P. and {Smith}, M.~D. and {Conrath}, B.~J.},
    title = "{Comparison of atmospheric temperatures obtained through infrared sounding and radio occultation by Mars Global Surveyor}",
  journal = {Journal of Geophysical Research (Planets)},
     year = 2004,
    month = dec,
   volume = 109,
   number = E18,
    pages = {12002-+},
      doi = {10.1029/2004JE002344}}
 
@book{Hobbs74,
author="P.~V.~Hobbs",
booktitle="Ice Physics", note = "837 pp.",
title="Ice Physics", publisher="Oxford Univ. Press", year="1974" }

@ARTICLE{Hourdin93,
  author = {{Hourdin}, F. and {Le van}, P. and {Forget}, F. and {Talagrand}, O.},
    title = "{Meteorological Variability and the Annual Surface Pressure Cycle on Mars.}",
  journal = {J. Atm. Sci.},
     year = 1993,
    month = nov,
   volume = 50,
    pages = {3625-3640} }

@ARTICLE{Hourdin95,
   author = {{Hourdin}, F. and {Forget}, F. and {Talagrand}, O.},
    title = "{The sensitivity of the Martian surface pressure and atmospheric mass budget to various parameters: A comparison between numerical simulations and Viking observations}",
  journal = {J. Geophys. Res},
     year = 1995,
    month = mar,
   volume = 100,
    pages = {5501-5523},
      doi = {10.1029/94JE03079}}

@article{Howard80,
author="A.~D.~Howard",
title="Effect of wind on scarp evolution on the {M}artian poles",
journal="In Reports of Planetary Geology Program-1980", volume="NASA TM-82385", pages="333--335 (abstract)", year="1980" }
 
@article{Hunt80,
author="G. E. Hunt",
title = "On the infrared radiative properties of {CO}$_2$ ice clouds -
Application to {M}ars",
journal= "Geophys. Res. Lett.",
volume = "7",
pages = "481--484",
year = "1980" }
 
@inproceedings{Ivanov99,
 author="A.~B. Ivanov and D.~O. Muhleman",
title = "{Observations of Polar Night Clouds with the Mars Orbiter Laser Altimeter (MOLA)}",
booktitle = {The Fifth International Conference on Mars, Pasadena, California},
 volume = "Abstract 6166. LPI Contribution No. 972, Lunar and Planetary Institute, Houston (CD-ROM).",   
     year = 1999,
    month = jul,
    pages = {6166-+} }

@INPROCEEDINGS{Ivanov99b,
   author={{Ivanov}, A.~B. and {Muhleman}, D.~O.},
    title = "{Topography of the North and South Polar Ice Caps on Mars}",
booktitle = {The Fifth International Conference on Mars, July 19-24, 1999, Pasadena, California},
     year = 1999,
    month = jul,
    pages = {6188-+}}

@article{Jakosky83,
author="B.~M. Jakosky",
title="The role of seasonal reservoirs in the {M}ars watercycle",
journal="Icarus", volume="55", pages="19--39", year="1983" }
 
@ARTICLE{Jakosky86,
   author = {{Jakosky}, B.~M. and {Christensen}, P.~R.},
    title = "{Global duricrust on Mars - Analysis of remote-sensing data}",
  journal = {J. Geophys. Res.},
     year = 1986,
    month = mar,
   volume = 91,
    pages = {3547-3559},
      doi = {10.1029/JB091iB03p03547}}
arting with number 1.  Total number selected: 1.

@ARTICLE{Jakosky86b,
   author = {{Jakosky}, B.~M. and {Christensen}, P.~R.},
  title = "{Are the Viking Lander sites representative of the surface of Mars?}",
  journal = {Icarus},
     year = 1986,
    month = apr,
   volume = 66,
    pages = {125-133},
      doi = {10.1016/0019-1035(86)90012-6}}

@article{Jakosky90,
author="B.~M. Jakosky and R.~M. Haberle",
title="Year-to-year instability of the {M}ars south polar cap",
journal="J. Geophys. Res.", volume="95", pages="1359--1365", year="1990" }
 
@incollection{Jakosky92,
author="B.~M. Jakosky and R.~M. Haberle",
title="The seasonal behaviour of water on {M}ars",
booktitle="\textit{Mars}, edited by H.H. Kieffer et al.", publisher="Univ. of Ariz. Press, Tucson", chapter="28", pages="969--1016", year="1992" }

@article{Jakosky00,
author="B.~M. Jakosky and M.~T.~Mellon and H.~H.~Kieffer and P.~R.~Christensen and E.~S.~Varnes and S.~W.~Lee",
title="The thermal inertia of {M}ars from the {M}ars {G}lobal {S}urveyor {T}hermal {E}mission {S}pectrometer",
journal="J. Geophys. Res", volume="105", pages="9643--9652", year="2000" }
 
@ARTICLE{Jakosky05,
   author = {{Jakosky}, B.~M. and {Mellon}, M.~T. and {Varnes}, E.~S. and 
	{Feldman}, W.~C. and {Boynton}, W.~V. and {Haberle}, R.~M.},
    title = "{Mars low-latitude neutron distribution: Possible remnant near-surface water ice and a mechanism for its recent emplacement}",
  journal = {Icarus},
     year = 2005,
    month = may,
   volume = 175,
    pages = {58-67},
      doi = {10.1016/j.icarus.2004.11.014}}

@article{James79,
author="P.~B. James and G. Briggs and J. Barnes and A. Spruck",
title="Seasonal recession of {M}ars'south polar cap as seen by {V}iking",
journal="J. Geophys. Res. 84", volume="2889-2922", pages="", year="1979" }
 
@article{James82,
author="P. James",
title="The seasonal {CO}$_2$ cycle on {M}ars: An application of an energy balance climate model",
journal="J. Geophys. Res.", volume="87", pages="10271--10283", year="1982" }
 
@article{James82b,
author="P.~B. James and K. Lumme",
title="Martian south polar cap boundary: 1971 and 1973data",
journal="Icarus", volume="50", pages="368--380", year="1982" }
 
@incollection{James92,
author="P.~B. James and H.~H. Kieffer and D.~A. Paige",
title="The seasonal cycle of Carbon Dioxide on {M}ars",
booktitle="\textit{Mars}, edited by H.H. Kieffer et al.", publisher="Univ. of Ariz. Press, Tucson", chapter="27", pages="934--968", year="1992" }
 
@article{James96,
author="P.~B. James and R.~T. Clancy and S.~W. Lee and L.~J. Martin and J. Bell",
title="Seasonal recession of the {M}artian south polar cap: 1992 HST observations",
journal="Icarus", volume="123", pages="87--100", year="1996" }

@ARTICLE{James00,
author={{James}, P.~B. and {Cantor}, B.~A. and {Malin}, M.~C. 
and {Edgett}, K. and {Carr}, M.~H. 
and {Danielson}, G.~E. and {Ingersoll}, A.~P. and 
 {Davies}, M.~E. and {Hartmann}, W.~K. and {McEwen}, A.~S. and 
 {Soderblom}, L.~A. and {Thomas}, P.~C. and {Veverka}, J.},
title = "The 1997 Spring Regression of the Martian South Polar Cap: 
{M}ars Orbiter Camera Observations",
 journal = "Icarus",
 year = "2000",
 volume ="144",
 pages = "410--418"}

@article{James01,
author="P.~B. James and B.~Cantor",
title="Observations of the {M}artian north polar cap regression: 2000 {M}ars {O}rbiter {C}amera observations",
journal="Icarus", volume="this issue", pages="???--???", year="2001" }

@ARTICLE{James05,
   author = {{James}, P.~B. and {Hansen}, G.~B. and {Titus}, T.~N.},
    title = "{The carbon dioxide cycle}",
  journal = {Advances in Space Research},
     year = 2005,
   volume = 35,
    pages = {14-20} }

@ARTICLE{James05h,
author = {{James}, P.~B. and {Bonev}, B.~P. and {Hansen}, G.~B. and {Wolff}, M.},
    title = "Effects of Atmospheric Dust on Sublimation of the Martian Residual South Polar Cap",
  journal = {AGU Fall Meeting Abstracts},
     year = 2005,
    month = dec,
    pages = {C3+} }

@ARTICLE{Johnston46,
   author = {H.L.~Johnston and E.R.~Grilly},
title = "{The thermal conductivites of eight common gases between 80 and 380 K}",
  journal = {J. Chem. Phys},
     year = 1946,
   volume = 14,
    pages = {233-238}}

@ARTICLE{Joseph76,
   author = {{Joseph}, J.~H. and {Wiscombe}, W.~J. and {Weinman}, J.~A.},
    title = "{The delta-Eddington approximation for radiative flux transfer.}",
  journal = {Journal of Atmospheric Sciences},
     year = 1976,
   volume = 33,
    pages = {2452-2459}}


@ARTICLE{Joshi00,
   author = {{Joshi}, M. and {Haberle}, R. and {Hollingsworth}, J. and {Hinson}, D.},
    title = "{A comparison of MGS Phase 1 aerobraking radio occultation data and the NASA Ames Mars GCM}",
  journal = {J. Geophys. Res.},
     year = 2000,
    month = jul,
   volume = 105,
    pages = {17601-17616},
      doi = {10.1029/1999JE001217}}

@ARTICLE{Justus02,
   author = {{Justus}, C.~G. and {James}, B.~F. and {Bougher}, S.~W. and 
	{Bridger}, A.~F.~C. and {Haberle}, R.~M. and {Murphy}, J.~R. and 
	{Engel}, S.},
    title = "{Mars-GRAM 2000: A Mars atmospheric model for engineering applications}",
  journal = {Advances in Space Research},
     year = 2002,
   volume = 29,
    pages = {193-202}}

@incollection{Kahn92,
author="R.~A. Kahn and T.~Z. Martin and R.~W. Zurek and S.~W. Lee",
title="The {M}artian dust cycle",
booktitle="\textit{Mars}, edited by H.H. Kieffer et al.", publisher="Univ. of Ariz. Press, Tucson", chapter="29", pages="1017--1053", year="1992" }

@ARTICLE{Kahre05,
   author = {{Kahre}, M.~A. and {Murphy}, J.~R. and {Haberle}, R.~M. and 
	{Montmessin}, F. and {Schaeffer}, J.},
    title = "{Simulating the Martian dust cycle with a finite surface dust reservoir}",
  journal = {\grl},
     year = 2005,
    month = oct,
   volume = 32,
    pages = {20204-+},
      doi = {10.1029/2005GL023495}}

@ARTICLE{Kahre06,
   author = {{Kahre}, M.~A. and {Murphy}, J.~R. and {Haberle}, R.~M.},
    title = "{Modeling the Martian dust cycle and surface dust reservoirs with the NASA Ames general circulation model}",
  journal = {Journal of Geophysical Research (Planets)},
     year = 2006,
    month = jun,
   volume = 111,
   number = E10,
    pages = {6008-+},
      doi = {10.1029/2005JE002588}}

@INPROCEEDINGS{Kass11,
   author = "Kass, D.~M. and  A.~Kleinbohl and  D.~J.~McCleese 
and J.~T.~Schofield and D.~Smith",
 title = "{Observations of the Martian Climatology}",
booktitle = {Fourth International Workshop on the Mars Atmosphere: 
Modeling and Observations, Paris, France},
    year = 2011 }

@article{KMS,
author="L.~D. Kaplan and G.~Munch and H.~Spinrad",
title = "An analysis of the spectrum of {M}ars",
journal= "Astrophys. J",
volume = "139",
pages = "1--15 ",
year = "1964" } % estimate 25 +/- 15 mbar

@ARTICLE{Kelly06,
   author = {{Kelly}, N.~J. and {Boynton}, W.~V. and {Kerry}, K. and {Hamara}, D.
 and {Janes}, D. and {Reedy}, R.~C. and {Kim}, K.~J. and {Haberle}, R.~M.},
    title = "{Seasonal polar carbon dioxide frost on Mars: CO$_2$ mass and columnar thickness distribution}",
  journal = {J. Geophys. Res. (Planets)},
     year = 2006,
    month = dec,
   volume = 111,
   number = "E10",
    pages = {3-+},
      doi = {10.1029/2006JE002678}}

@article{Kieffer68,
author="H.~H. Kieffer",
title="Near infrared spectral reflectance of simulated {M}artian frosts",
journal="Ph.D thesis", volume="Calif. Inst. Tech", pages="", year="1968" }
 
@article{Kieffer70,
author="H.~H.~Kieffer",
title = "Spectral reflectance of {CO$_2$-H$_2$O} Frosts",
volume = "75",
pages = "501",
journal= "JGR",
year = "1970" }

@ARTICLE{Kieffer72,
   author = {{Kieffer}, H.~H. and {Neugebauer}, G. and {Munch}, G. and {Chase}, Jr., S.~C. and 	{Miner}, E.},
    title = "{Infrared Thermal Mapping Experiment: The Viking Mars Orbiter}",
  journal = {Icarus},
     year = 1972,
    month = feb,
   volume = 16,
    pages = {47-56},
      doi = {10.1016/0019-1035(72)90136-4}}

@article{Kieffer76,
author="H.~H.~Kieffer and P.~R.~Christensen and T.~Z.~Martin and E.~D.~Miner
 and F.~D.~Palluconi",
title = "Temperatures of the {M}artian surface and atmosphere - {V}iking
observation of diurnal and geometric variations",
journal= "Science",
volume = "194",
pages = "1346--1351",
year = "1976" }
 
@article{Kieffer76a,
author="H.~H. Kieffer and S.~C. Chase Jr. and E.~D. Miner and F.~D. Palluconi and G. Munch and G. Neugebauer and T.Z. Martin",
title="Infrared thermal mapping of the {M}artian surface and atmosphere: First results",
journal="Science", volume="193", pages="780--786", year="1976" }
 
@article{Kieffer76b,
author="H.~H. Kieffer and S.~C. Chase Jr. and T.~Z. Martin and E.~D. Miner and F.~D. Palluconi",
title="Martian north pole summer temperatures: Dirty water ice",
journal="Science", volume="194", pages="1341--1344", year="1976" }
 
@article{Kieffer76c,
author="H.~H. Kieffer",
title="Soil and surface temperatures at the {V}iking landing sites",
journal="Science", volume="194", pages="1344--1346", year="1976" }
 
@article{Kieffer77,
author="H.~H. Kieffer and T.~Z. Martin and A.~R. Peterfreund and B.~M. Jakosky and E.~D. Miner and F.~D. Palluconi",
title="Thermal and Albedo Mapping of {M}ars During the {V}iking Primary Mission",
journal="J. Geophys. Res.", volume="82", pages="4249--4291", year="1977" }
 
@article{Kieffer79,
author="H.~H. Kieffer",
title="{M}ars south polar spring and summer temperatures: a residual {CO}$_2$ frost",
journal="J. Geophys. Res.", volume="84", pages="8263--8288", year="1979" }
 
@article{Kieffer90,
author="H.~H. Kieffer",
title="{CO}$_2$ grain size and the amount of dust in {M}ars' residual north polar cap",
journal="J. Geophys. Res.", volume="95", pages="1481--1493", year="1990" }
@book{Mars92,
author="H.~H.~Kieffer and B.~M.~Jakosky and C.~W.~Snyder and M.~S.~Matthews, Eds.",
title="Mars",
 publisher= "University of Arizona Press",
 address= "Tucson",
 note = "1498 pp.",
 year = "1992" }

@incollection{Kieffer92,
author="H.~H. Kieffer and A.~P. Zent",
title="Quasi-periodic climate change on {M}ars",
booktitle="\textit{Mars}, edited by H.H. Kieffer et al.", publisher="Univ. of Ariz. Press, Tucson", chapter="33", pages="1180--1218", year="1992" }

@article{Kieffer97a,
author="H.~H. Kieffer",
title="{Citation for G. K. Gilbert Award to Robert P. Sharp}",
journal="GSA Today", volume = 7, number = 3,
pages = "30--31", year = "1997" }

@article{Kieffer98,
author="H.~H. Kieffer and T. Titus and K.~F. Mullins",
title="Early {TES} observations of the south polar region",
journal="29th Annual Lunar and Planetary Science Conference", volume="abstract no. 1481", pages="", year="1998" }
 
@inproceedings{KiefMull98,
author="H.~H. Kieffer and K. F. Mullins and T. N. Titus",
title = "{TES} Pre-mapping Phase Polar Observations",
booktitle= "EOS Transactions, vol.79, number 45",
pages = "533",
year = "1998" }
 
@inproceedings{KiefTitus98,
 author="H.~H. Kieffer and T.~N. Titus and K.~F. Mullins",
 title = "Early {TES} Observations of the South Polar Region",
 booktitle= "29th Annual Lunar and Planetary Science Conference",
 note = "abstract no. 1481",
 year = "1998" }
 
@article{Kieffer00,
author="H.~H. Kieffer and T.~N. Titus and K. F. Mullins and P.
Christensen",
title = "{M}ars south polar spring and summer behavior observed by
{TES}: Seasonal cap evolution controlled by frost grain size.",
journal= "J. Geophs. Res.", 
volume = "105",
number = "E4",
pages = "9653--9699",
year = "2000" }
 
@misc{Kieffer00b,
author="H.~H.~Kieffer",
title = "Annual punctuated {CO}$_2$ slab-ice and jets on {M}ars",
howpublished= "In Second International Conference on {M}ars polar science and exploration", 
 note = "Reykjavik, Iceland. LPI Contribution no. 1057",
pages = "93",
year = "2000" } % /home/hkieffer/tes/abstracts/iceland_jets
 
@article{Kieffer00c,
author="H.~H. Kieffer",
title = "Clathrates are not the culprit.",
journal= "Science(letter)", 
volume = "287",
number = "5459",
pages = "1753",
year = "2000" }

@article{Kieffer01,
author="H.~H. Kieffer and T.~N. Titus",
title = "{TES} mapping of {M}ars' north seasonal cap.",
journal= "Icarus", 
volume = "154",
pages = " 162--180 ",
year = "2001" }
 

@misc{Kieffer03a,  
author="H.~H. Kieffer",
title = "The behavior of solid {CO$_2$} on {M}ars, a real zoo.",
howpublished="6th International Conference on Mars", 
note = "Pasadena, CA",
pages = " -- ",
year = "2003" } % July 20-15   xtex/tes/M6/ Mars6abs.tex
% 2018jul04 renamed from Kieffer03 due to conflict in moon.bib

@misc{Kieffer03b,
author="H.~H. Kieffer",
title = "Behavior of solid {CO$_2$} on {M}ars, still real zoo.",
howpublished="3rd Mars Polar Conference", 
note = "Lake Louise, Alberta, Canada",
pages = " -- ",
year = "2003" } % Oct 13-17 ~/xtex/LPI/Mpolar3/co2behave.tex

@ARTICLE{Kieffer06,
author="H.~H. Kieffer and P.~R. Christensen and T.~N.~Titus",
title = "{CO$_2$ jets formed by sublimation beneath translucent slab ice in Mars' seasonal south polar ice cap}",
journal= "Nature",
volume = "442",
pages = " 793--796 ",
year = "2006",
 doi="10.1038/nature04945"}

@ARTICLE{Kieffer07,
author="H.~H. Kieffer",
title = "{Cold jets in the Martian polar caps}",
journal= "Jour. Geophys. Res., Planets",
     year = 2007,
    month = aug,
   volume = 112,
   number = "E11",
    pages = {8005-+},
      doi = {10.1029/2006JE002816}}

@misc{KRC,
author="H.~H. Kieffer",
title = "The {KRC} themal model",
howpublished="TES/THEMIS Team internal memo", 
note = " LaTeX document",
pages = " -- ",
year = "1969-2004" }

@misc{Kieffer09,
author="H.~H. Kieffer",
title = "Particulate thermal conduction",
howpublished="TES/THEMIS Team internal memo", 
note = " LaTeX document",
pages = "1-17",
year = 2009}

@misc{Kieffer10,
author="H.~H. Kieffer",
title = "Temperature dependence of rock thermal properties",
howpublished="TES/THEMIS Team internal memo", 
note = " LaTeX document",
pages = "1-33",
year = 2010 } 

 @ARTICLE{Kieffer12,
author="H.~H. Kieffer",
title = "{Thermal model for analysis of Mars infrared mapping}",
journal= "Jour. Geophys. Res., Planets",
     year = 2013,
   volume = 118,
    pages = {451-470},
      doi = {10.1029/2012JE004164}}
%   number = "E11",     month = "mar?",

@ARTICLE{Kleinbohl11b,
   author = {{Kleinb{\"o}hl}, A. and {Schofield}, J.~T. and {Kass}, D.~M. and 
{Abdou}, W.~A. and {Backus}, C.~R. and {Sen}, B. and {Shirley}, J.~H. and 
	{Lawson}, W.~G. and {Richardson}, M.~I. and {Taylor}, F.~W. and 
	{Teanby}, N.~A. and {McCleese}, D.~J.},
   title = "{Mars Climate Sounder limb profile retrieval of atmospheric 
temperature, pressure, and dust and water ice opacity}",
  journal = {J. of Geophys. Res. (Planets)},
     year = 2009,
    month = oct,
   volume = 114,
    pages = {10006},
      doi = {10.1029/2009JE003358}}

@ARTICLE{Kleinbohl11,
   author = {{Kleinb{\"o}hl}, A. and {Schofield}, J.~T. and {Abdou}, W.~A. and 
	{Irwin}, P.~G.~J. and {de Kok}, R.~J.},
    title = "{A single-scattering approximation for infrared radiative transfer in limb geometry in the Martian atmosphere}",
  journal = {J.Quant. Spec. Rad. Transfer},
     year = 2011,
    month = jul,
   volume = 112,
    pages = {1568-1580}}

@ARTICLE{Konopliv06,
   author = {{Konopliv}, A.~S. and {Yoder}, C.~F. and {Standish}, E.~M. and 
	{Yuan}, D.-N. and {Sjogren}, W.~L.},
    title = "{A global solution for the Mars static and seasonal gravity, Mars orientation, Phobos and Deimos masses, and Mars ephemeris}",
  journal = {Icarus},
     year = 2006,
    month = may,
   volume = 182,
    pages = {23-50},
      doi = {10.1016/j.icarus.2005.12.025}}

@ARTICLE{Konopliv11,
   author = {{Konopliv}, A.~S. and {Asmar}, S.~W. and {Folkner}, W.~M. and 
	{Karatekin}, {\"O}. and {Nunes}, D.~C. and {Smrekar}, S.~E. and 
	{Yoder}, C.~F. and {Zuber}, M.~T.},
    title = "{Mars high resolution gravity fields from MRO, Mars seasonal gravity, and other dynamical parameters}",
  journal = {Icarus},
     year = 2011,
    month = jan,
   volume = 211,
    pages = {401-428},
      doi = {10.1016/j.icarus.2010.10.004}}

@ARTICLE{Konstan06,
   author = {{Konstantinov}, V.~A. and {Manzhelii}, V.~G. and {Revyakin}, V.~P. 
and {Sagan}, V.~V.},
    title = "{Extraordinary temperature dependence of isochoric thermal conductivity of crystalline CO$_2$ doped with inert gases}",
  journal = {Low Temperature Physics},
 keywords = {Nonelectronic thermal conduction and heat-pulse propagation in solids; thermal waves, Solid-liquid transitions, Point defects  and defect clusters},
     year = 2006,
    month = nov,
   volume = 32,
    pages = {1076-1077},
      doi = {10.1063/1.2389015}}

@ARTICLE{Kossacki03,
   author={{Kossacki}, K.~J. and {Markiewicz}, W.~J. and {Smith}, M.~D.},
    title = "{Surface temperature of Martian regolith with polygonal features: influence of the subsurface water ice}",
  journal = {Plan. Space Sci.},
     year = 2003,
    month = aug,
   volume = 51,
    pages = {569-580}}

@ARTICLE{Kou93,
   author = {{Kou}, L. and {Labrie}, D. and {Chylek}, P.},
    title = "{Refractive indices of water and ice in the 0.65- to 2.5-micron spectral range}",
  journal = {Ap. Opt.},
     year = 1993,
    month = jul,
   volume = 32,
    pages = {3531-3540}}
 %  was Krav98

@ARTICLE{Krav86,
   author = "Kravchenko, Yu. G. and Krupskii, I. N. ",
    title = "Thermal conductivity of solid N$_2$O and CO$_2$",
  journal = {Sov. J. Low Temp. Phys},
     year = 1986,
   volume = 12,
    pages = {44-48}}

@ARTICLE{Kuchynka14,
   author = {{Kuchynka}, P. and {Folkner}, W.~M. and {Konopliv}, A.~S. and 
{Parker}, T.~J. and {Park}, R.~S. and {Maistre}, S.~L. and {Dehant}, V.	},
    title = "{New constraints on Mars rotation determined from radiometric tracking of the Opportunity Mars Exploration Rover}",
  journal = {Icarus},
     year = 2014,
   volume = 229,
    pages = {340-347},
      doi = {10.1016/j.icarus.2013.11.015}}
 %    month = feb,

@ARTICLE{Kuhrt89,
   author = {{Kuhrt}, E. and {Giese}, B.},
    title = "{A thermal model of the Martian satellites}",
  journal = {Icarus},
     year = 1989,
    month = sep,
   volume = 81,
    pages = {102-112},
      doi = {10.1016/0019-1035(89)90128-0}}

@ARTICLE{Kuzmin04,
   author={{Kuzmin}, R.~O. and {Zabalueva}, E.~V. and {Mitrofanov}, I.~G. and 
        {Litvak}, M.~L. and {Boynton}, W.~V. and {Saunders}, R.~S.},
    title = "{Regions of Potential Existence of Free Water (Ice) in the Near-Surface Martian Ground: Results from the Mars Odyssey High-Energy Neutron Detector (HEND)}",
  journal = {Solar System Research},
     year = 2004,
    month = jan,
   volume = 38,
    pages = {1-11}}

@ARTICLE{Kuzmin07,
   author = {{Kuzmin}, R.~O. and {Zabalueva}, E.~V. and {Mitrofanov}, I.~G. and 
	{Litvak}, M.~L. and {Rodin}, A.~V. and {Boynton}, W.~V. and 
	{Saunders}, R.~S.},
    title = "{Seasonal redistribution of water in the surficial Martian regolith: Results from the Mars Odyssey high-energy neutron detector (HEND)}",
  journal = {Solar System Research},
     year = 2007,
    month = apr,
   volume = 41,
    pages = {89-102},
      doi = {10.1134/S0038094607020013}}

@ARTICLE{Langevin05,
   author = {{Langevin}, Y. and {Poulet}, F. and {Bibring}, J.-P. and {Gondet}, B.},
    title = "{Sulfates in the North Polar Region of Mars Detected by OMEGA/Mars Express}",
  journal = {Science},
     year = 2005,
    month = mar,
   volume = 307,
    pages = {1584-1586},
      doi = {10.1126/science.1109091}}

@ARTICLE{Langevin06,
   author = "Y.~Langevin and S.~Doute and M.~Vincendon and F.~Poulet 
and J.~Bibring and B.~Gondet and B.~Schmitt  and F.~Forget",
    title = "No signature of clear {CO}$_2$ ice from the 'cryptic' regions in {Mars'} south seasonal polar cap",
 journal = {Nature},
     year = 2005,
    volume = 442,
    pages = {790-792},
      doi = {10.1038/nature05012}}

@ARTICLE{Langevin07,
   author = {{Langevin}, Y. and {Bibring}, J.-P. and {Montmessin}, F. and {Forget}, F. and {Vincendon}, M. and {Dout{\'e}}, S. and {Poulet}, F. and {Gondet}, B.},
    title = "{Observations of the south seasonal cap of Mars during recession in 2004-2006 by the OMEGA visible/near-infrared imaging spectrometer on board Mars Express}",
  journal = {J. Geophys. Res. (Planets)},
     year = 2007,
    month = jul,
   volume = 112,
      eid = {E08S12},
    pages = {8},
      doi = {10.1029/2006JE002841}}

@article{Larsen72,
author="H.~P. Larsen and U. Fink",
title="Identification of carbon dioxide on the {M}artian polar caps",
journal="Astrophys. J.", volume="171", pages="L91--L95", year="1972" }

@article{Leighton66,
author="R.~B. Leighton and B.~C. Murray",
title="Behavior of carbon dioxide and other volatiles on {M}ars",
journal="Science", volume="153", pages="136--144", year="1966" }

@ARTICLE{Lemmon04,
 author = {{Lemmon}, M.~T. and {Wolff}, M.~J. and {Smith}, M.~D. and 
{Clancy}, R.~T. and {Banfield}, D. and {Landis}, G.~A. and {Ghosh}, A. and 
{Smith}, P.~H. and {Spanovich}, N. and {Whitney}, B. and {Whelley}, P. and 
{Greeley}, R. and {Thompson}, S. and {Bell}, J.~F. and {Squyres}, S.~W.},
    title = "{Atmospheric Imaging Results from the Mars Exploration Rovers: Spirit and Opportunity}",
  journal = {Science},
     year = 2004,
    month = dec,
   volume = 306,
    pages = {1753-1756},
      doi = {10.1126/science.1104474} }

@article{Lemmon11,
author="M.T.~Lemmon",
title="{Atmospheric opacity, surface insolation, and dust lifting
over 3 Mars years with the Mars Exploration Rovers}",
journal="EPSC-DPS Joint Meeting",
volume=6,
year=2011}

@ARTICLE{Lewis07,
   author = {{Lewis}, S.~R. and {Read}, P.~L. and {Conrath}, B.~J. and {Pearl}, J.~C. and 
	{Smith}, M.~D.},
    title = "{Assimilation of thermal emission spectrometer atmospheric data during the Mars Global Surveyor aerobraking period}",
  journal = {Icarus},
     year = 2007,
    month = dec,
   volume = 192,
    pages = {327-347},
      doi = {10.1016/j.icarus.2007.08.009}}

@ARTICLE{Litvak07,
   author = {{Litvak}, M.~L. and {Mitrofanov}, I.~G. and {Kozyrev}, A.~S. and 
	{Sanin}, A.~B. and {Tretyakov}, V.~I. and {Boynton}, W.~V. and 
	{Kelly}, N.~J. and {Hamara}, D. and {Saunders}, R.~S.},
    title = "{Long-term observations of southern winters on Mars: 
Estimations of column thickness, mass, and volume density of the seasonal 
CO$_2$ deposit from HEND/Odyssey data}",
  journal = {J. Geophys. Res.  (Planets)},
     year = 2007,
    month = feb,
   volume = 112,
   number = {E11},
    pages = {3-+},
      doi = {10.1029/2006JE002832}}

@ARTICLE{Lopez05,
   author = {{L{\'o}pez-Valverde}, M.~A. and {L{\'o}pez-Puertas}, M. and 
	{L{\'o}pez-Moreno}, J.~J. and {Formisano}, V. and {Grassi}, D. and 
	{Maturilli}, A. and {Lellouch}, E. and {Drossart}, P.},
    title = "{Analysis of CO_{2} non-LTE emissions at 4.3{$\mu$}m in the Martian atmosphere as observed by PFS/Mars Express and SWS/ISO}",
  journal = {Planetary and Space Sci.},
     year = 2005,
    month = aug,
   volume = 53,
    pages = {1079-1087},
      doi = {10.1016/j.pss.2005.03.007}}

@ARTICLE{Lunine82,
   author = {{Lunine}, J.~I. and {Neugebauer}, G. and {Jakosky}, B.~M.},
    title = "{Infrared observations of PHOBOS and Deimos from Viking}",
  journal = {J. Geophys. Res.},
     year = 1982,
    month = nov,
   volume = 87,
    pages = {10297-10305},
      doi = {10.1029/JB087iB12p10297} }

@ARTICLE{Maguire97,
author="W.~C. Maguire",
title="Martian isotopic ratios and upper limits for possible minor constituents as derived from mariner 9 infrared spectrometer data",
journal="Icarus", volume="32", pages="85--97", year="1997" }
 
@article{Malin98,
author={M.~C. Malin and {Carr}, M.~H. and {Danielson}, G.~E. and 
	{Davies}, M.~E. and {Hartmann}, W.~K. and {Ingersoll}, A.~P. and 
	{James}, P.~B. and {Masursky}, H. and {McEwen}, A.~S. and {Soderblom}, L.~A. and 
	{Thomas}, P. and {Veverka}, J. and {Caplinger}, M.~A. and {Ravine}, M.~A. and 
	{Soulanille}, T.~A. and {Warr En}, J.~L.},
title="Early Views of the {M}artian Surface from the {M}ars Orbiter Camera of {M}ars {G}lobal {S}urveyor",
journal="Science", volume="279", pages="1681--1685", year="1998" }
 
@article{Malin00,
author="M.~C. Malin and K.~S.~Edgett",
title="Evidence for recent ground water seepage and surface runoff on {M}ars",
journal="Science", volume="288", pages="2330--2335", year="2000" }

@INPROCEEDINGS{Malin00a,
   author = {{Malin}, M.~C. and {Edgett}, K.~S.},
    title = "{Frosting and Defrosting of Martian Polar Dunes}",
booktitle = {Lunar and Planet. Inst. Conf. Abstracts},
     year = 2000,
    month = mar,
    pages = {1056-+} }

@article{Malin01,
author="M.~C. Malin and K.~S.~Edgett",
title={Mars Global Surveyor Mars Orbiter Camera: Interplanetary cruise through primary mission},
journal="J. Geophys. Res", volume="106", pages="23429--23570", year="2001" }

@ARTICLE{Malin06,
   author = {{Malin}, M.~C. and {Edgett}, K.~S. and {Posiolova}, L.~V. and 
	{McColley}, S.~M. and {Dobrea}, E.~Z.~N.},
    title = "{Present-Day Impact Cratering Rate and Contemporary Gully Activity on Mars}",
  journal = {Science}, year = 2006, month = dec, volume = 314, pages = {1573-},
      doi = {10.1126/science.1135156} }

@ARTICLE{Mangold10,
   author = {{Mangold}, N. and {Mangeney}, A. and {Migeon}, V. and {Ansan}, V. 
and {Lucas}, A. and {Baratoux}, D. and {Bouchut}, F.},
    title = "{Sinuous gullies on Mars: Frequency, distribution, and implications for flow properties}",
  journal = {J. Geophys. Res. (Planets)},
 year = 2010, month = nov, volume = 115, number = "E14", eid = {E11001},
    pages = {11001},  doi = {10.1029/2009JE003540}}

@article{Markiewicz99,
author="W.~J. Markiewicz and R.~M. Sablotny and H.~U. Keller and N. Thomas and D. Titov and P.H.Smith",
title="Optical properties of the {M}artian aerosols as derived from imager of {M}ars {P}athfinder midday sky brightness data",
journal="J. Geophys Rev.", volume="104", pages="9009--9017", year="1999" }

@ARTICLE{Martin93,
 author="L.~J.~Martin and R.~W.~Zurek",
 title = "An analysis of the history of dust activity on {M}ars",
 journal ="J. Geophys. Res.",
 year = "1993",
 volume = "98",
 pages = "3221--3246"}

@ARTICLE{Martin86,
   author = {{Martin}, T.~Z.},
    title = "{Thermal infrared opacity of the Mars atmosphere}",
  journal = {Icarus},
     year = 1986,
    month = apr,
   volume = 66,
    pages = {2-21},
      doi = {10.1016/0019-1035(86)90003-5}}

@INPROCEEDINGS{Martin04,
   author = {{Martin}, T.~Z.},
    title = "{Thermal correction of MRO CRISM data using photoclinometry and slope-dependent thermal models for the Martian surface}",
booktitle = {Bulletin of the American Astronomical Society},
     year = 2004,
   series = {Bulletin of the American Astronomical Society},
   volume = 36,
    month = nov,
    pages = {1160-+} }

@ARTICLE{Martinez06,
   author = {{Mart{\'{\i}}nez-Alonso}, S. and {Mellon}, M.~T. and {Kindel}, B.~C. and {Jakosky}, B.~M.},
    title = "{Mapping compositional diversity on the surface of Mars: The Spectral Variance Index}",
  journal = {Journal of Geophysical Research (Planets)},
     year = 2006,
    month = jan,
   volume = 111,
   number = "E10",
    pages = {1004-+},
      doi = {10.1029/2005JE002492}}

@ARTICLE{McCleese07,
   author = {{McCleese}, D.~J. and {Schofield}, J.~T. and {Taylor}, F.~W. and 
{Calcutt}, S.~B. and {Foote}, M.~C. and {Kass}, D.~M. and {Leovy}, C.~B. and 
	{Paige}, D.~A. and {Read}, P.~L. and {Zurek}, R.~W.},
    title = "{Mars Climate Sounder: An investigation of thermal and water vapor structure, dust and condensate distributions in the atmosphere, and energy balance of the polar regions}",
  journal = {J. of Geophys. Res. (Planets)},
     year = 2007,
    month = may,
   volume = 112,
    pages = {5},
      doi = {10.1029/2006JE002790}}

@ARTICLE{McCleese10,
author = {{McCleese}, D.~J. and {Heavens}, N.~G. and {Schofield}, J.~T. and 
	{Abdou}, W.~A. and {Bandfield}, J.~L. and {Calcutt}, S.~B. and 
	{Irwin}, P.~G.~J. and {Kass}, D.~M. and {Kleinb{\"o}hl}, A. and 
{Lewis}, S.~R. and {Paige}, D.~A. and {Read}, P.~L. and {Richardson}, M.~I. and 
{Shirley}, J.~H. and {Taylor}, F.~W. and {Teanby}, N. and {Zurek}, R.~W.},
    title = "{Structure and dynamics of the Martian lower and middle atmosphere as observed by the Mars Climate Sounder: Seasonal variations in zonal mean temperature, dust, and water ice aerosols}",
  journal =  {J. of Geophys. Res. (Planets)},
     year = 2010,
    month = dec,
   volume = 115,
    pages = {12016},
      doi = {10.1029/2010JE003677}}

@ARTICLE{McGuire08, 
author = {P. C. McGuire and 23 others}, title =
   "{CRISM Retrieval of Surface Lambert Albedos for Multispectral
   Mapping of Mars with DISORT-based Radiative Transfer Modeling:
   Phase 1: Using Historical Climatology for Temperatures, Aerosol
   Optical Depths, and Atmospheric Pressures}", 
journal ={Trans. Geoscience and Remote Sensing, submitted}, year = 2008,
   volume = 777, 
number = 77, 
pages = {77-+}}

@ARTICLE{McKay85,
   author = {{McKay}, C.~P. and {Wharton}, Jr., R.~A. and {Squyres}, S.~W. and 
	{Clow}, G.~D.},
    title = "{Thickness of ice on perennially frozen lakes}",
  journal = {Nature},
     year = 1985,
    month = feb,
   volume = 313,
    pages = {561-+}}

@ARTICLE{Meador80,
   author = {{Meador}, W.~E. and {Weaver}, W.~R.},
    title = "{Two-stream approximations to radiative transfer in planetary atmospheres: a unified description of existing methods and a new improvement.}",
  journal = {Journal of Atmospheric Sciences},
     year = 1980,
   volume = 37,
    pages = {630-643}}

@ARTICLE{Melbourne68,
author="W.G.~Melbourne and J.D.~Mulholland and W.J.~Sjogren and F.M.~Sturms, Jr.",
title="Constants and related information for astrodynamic calculations, 1968",
journal="JPL Tech. Rep. 32-106",
volume="http://ntrs.nasa.gov/archive/nasa/casi.ntrs.nasa.gov/19690001472\_1969001472.pdf",
pages="1-68",
year=1968}

@ARTICLE{Melchiorri09,
   author = {{Melchiorri}, R. and {Encrenaz}, T. and {Drossart}, P. and 
{Fouchet}, T. and {Forget}, F. and {Titov}, D. and {Maltagliati}, L. and 
{Altieri}, F. and {Vincendon}, M. and {Langevin}, Y. and {Bibring}, J.~P.},
    title = "{OMEGA/Mars Express: South Pole Region, water vapor daily variability}",
  journal = {Icarus},
     year = 2009,
   volume = 201,
    pages = {102-112},
      doi = {10.1016/j.icarus.2008.12.018}}

@article{Mellon00,
author="M.~T. Mellon and B.~M. Jakosky and H.~H. Kieffer and P.~R. Christensen",
 title = "High-Resolution Thermal Inertia Mapping from the {Mars Global 
Surveyor Thermal Emission Spectrometer}",
 journal= "Icarus", volume ="148",month = dec, pages = "437--455", year = "2000" }

@ARTICLE{Mellon04,
   author={{Mellon}, M.~T. and {Feldman}, W.~C. and {Prettyman}, T.~H.},
    title = "{The presence and stability of ground ice in the southern hemisphere of Mars}",
  journal = {Icarus},
     year = 2004,
    month = jun,
   volume = 169,
    pages = {324-340},
      doi = {10.1016/j.icarus.2003.10.022}}

@INBOOK{Mellon08,
   author = {{Mellon}, M.~T. and {Fergason}, R.~L. and {Putzig}, N.~E.},
    title = "{The thermal inertia of the surface of Mars}",
booktitle = {The Martian Surface - Composition, Mineralogy, and Physical Properties},
     year = 2008,
    month = jul,
   editor = "{Bell, J., III}",
    pages = {399}}

@misc{Michaux72,
author="C.~M.~Michaux and R.~L.~Newburn, Jr.",
title="Mars Scientific model",
howpublished="JPL Document 606-1",
url="https://archive.org/details/nasa_techdoc_19730062171",
year="1972"}

@article{Millour12,
author="E.~Millour and F.~Forget and A.~Spiga",
title="{Mars Climate Database version 5}",
journal="EPSC Abstracts",
volume="7",
pages="xx",
year="2012" }


@article{Mitrofanov02,
author="I.~Mitrafanov and 11~others", 
title = "Maps of subsurface hydrogen from the high energy neutron detector, {M}ars {O}dyssey",
journal= "Science",
volume = "297",
pages = "78--81",
year = "2002" }

@ARTICLE{Mitrofanov03,
   author={{Mitrofanov}, I.~G. and {Zuber}, M.~T. and {Litvak}, M.~L. and 
	{Boynton}, W.~V. and {Smith}, D.~E. and {Drake}, D. and {Hamara}, D. and 
	{Kozyrev}, A.~S. and {Sanin}, A.~B. and {Shinohara}, C. and 
	{Saunders}, R.~S. and {Tretyakov}, V.},
    title = "{CO$_2$ Snow Depth and Subsurface Water-Ice Abundance in the Northern Hemisphere of Mars}",
  journal = {Science},
     year = 2003,
    month = jun,
   volume = 300,
    pages = {2081-2084}}

@ARTICLE{Mitrofanov04,
   author = {{Mitrofanov}, I.~G. and {Litvak}, M.~L. and {Kozyrev}, A.~S. and 
{Sanin}, A.~B. and {Tret'yakov}, V.~I. and {Grin'kov}, V.~Y. and 
{Boynton}, W.~V. and {Shinohara}, C. and {Hamara}, D. and {Saunders}, R.~S.},
    title = "{Soil Water Content on Mars as Estimated from Neutron Measurements by the HEND Instrument Onboard the 2001 Mars Odyssey Spacecraft}",
  journal = {Solar System Res.},
     year = 2004,
    month = jul,
   volume = 38,
    pages = {253-257},
      doi = {10.1023/B:SOLS.0000037461.70809.45}}

@ARTICLE{Mitrofanov07,
   author = {{Mitrofanov}, I.~G. and {Zuber}, M.~T. and {Litvak}, M.~L. and 
	{Demidov}, N.~E. and {Sanin}, A.~B. and {Boynton}, W.~V. and 
	{Gilichinsky}, D.~A. and {Hamara}, D. and {Kozyrev}, A.~S. and 
	{Saunders}, R.~D. and {Smith}, D.~E. and {Tretyakov}, V.~I.},
    title = "{Water ice permafrost on Mars: Layering structure and subsurface 
distribution according to HEND/Odyssey and MOLA/MGS data}",
  journal = {Geophys. Res. Let.},
     year = 2007,
    month = sep,
   volume = 34,
    pages = {18102-+},
      doi = {10.1029/2007GL030030}}

@ARTICLE{Montmessin07,
   author = {{Montmessin}, F. and {Haberle}, R.~M. and {Forget}, F. and {Langevin}, Y. and 
	{Clancy}, R.~T. and {Bibring}, J.-P.},
    title = "{On the origin of perennial water ice at the south pole of Mars: A precession-controlled mechanism?}",
  journal = {Journal of Geophysical Research (Planets)},
     year = 2007,
    month = aug,
   volume = 112,
   number = "E11",
    pages = {8-+},
      doi = {10.1029/2007JE002902}}

@ARTICLE{Moore06,
   author = {{Moore}, S.~R. and {Sears}, D.~W.~G.},
    title = "{On Laboratory Simulation and the Effect of Small Temperature Oscillations About the Freezing Point and Ice Formation on the Evaporation Rate of Water on Mars}",
  journal = {Astrobiology},
     year = 2006,
   volume = 6,
    pages = {644-650},
      doi = {10.1089/ast.2006.6.644} }

@article{Moroz64,
 author="V.~I.~Moroz",
 title = "The infrared spectrum of {M}ars, (1.1-4.1 $\mu$m)",
 journal= "Soviet Astron.",
 volume = "8",
 pages = "273--281",
 year = "1964" }

@article{Murray73,
author="B.~C. Murray and M.~C. Malin",
title="Polar volatiles on {M}ars: Theory versus observation",
journal="Science 182", volume="437-443", pages="", year="1973" }

@ARTICLE{Murray73b,
   author = {{Murray}, B.~C.},
    title = "{The Long-Term Stability of Solid Carbon Dioxide on Mars}",
  journal = {Bull. Amer. Astron. Soc.},
     year = 1973,
    month = mar,
   volume = 5,
    pages = {297-+}}

@ARTICLE{Murray00,
author={{Murray}, B. and {Koutnik}, M. and {Byrne}, S. and {Soderblom}, L. and 
	{Herkenhoff}, K. and {Tanaka}, K.~L.},
title = "{Preliminary Geological Assessment of the Northern Edge of Ultimi Lobe, Mars South Polar Layered Deposits}",
journal = {Icarus},year = 2001,month = nov,volume = 154,pages = {80-97} }

@article{Neugebauer69,
author="G. Neugebauer and G. Munch and S.~C. Chase Jr. and H. Hatzenbeler and E.~D. Minerand D. Schofield",
title="Mariner 1969: preliminary results of the infrared radiometer experiment",
  journal = {Science},
     year = 1969,
    month = mar,
   volume = 166,
    pages = {98}}

@article{Neugebauer71,
author="G. Neugebauer and G. Munch and H.~H. Kieffer and S.~C. Chase Jr. and E.D. Miner",
title="Mariner 1969 infrared radiometer results: Temperatures and thermal properties of the {M}artian surface",
journal="Astron. J.", volume="76", pages="719--749", year="1971" }

@INPROCEEDINGS{Neumann03,
    author={{Neumann}, G.~A. and {Lemoine}, F.~G. and {Smith}, D.~E. and 
	{Zuber}, M.~T.},
    title = "{The Mars Orbiter Laser Altimeter Archive: Final Precision Experiment Data Record Release and Status of Radiometry}",
    booktitle = {Lunar and Planet. Inst. Conf. Abstracts},
    year = 2003,
    month = mar,
    pages = {1978-+}}

@ARTICLE{Nowicki07,
   author = {{Nowicki}, S.~A. and {Christensen}, P.~R.},
    title = "{Rock abundance on Mars from the Thermal Emission Spectrometer}",
  journal = {Journal of Geophysical Research (Planets)},
     year = 2007,
    month = may,
   volume = 112,
   number = "E11",
    pages = {5007-+},
      doi = {10.1029/2006JE002798}}

@ARTICLE{Nye00,
   author={{Nye}, J.~F. and {Durham}, W.~B. and {Schenk}, P.~M. and {Moore}, J.~M.},
    title = "{The Instability of a South Polar Cap on Mars Composed of Carbon Dioxide}",
  journal = {Icarus},
     year = 2000,
    month = apr,
   volume = 144,
    pages = {449-455}}

@article{Ockert-Bell97,
author="M.~E. Ockert-Bell and J.~F. Bell III and J.~B. Pollack and C.~P. McKay and F. Forget",
title="Absorption and scattering properties of the {M}artian dust at solar wavelengths",
journal="J. Geophys. Res.", volume="102(E4)", pages="9039--9050", year="1997" }

@article{Osterloo08,
 author="M.M.~Osterloo and V.E.~Hamilton and J.L.~Bandfield and T.D.~Glotch 
and A.M.~Baldridge and P.R.~Christensen and L.L.~Tornabene and F.S.~Anderson",
 title = "{Chloride-bearing materials in the Southern highlands of Mars}",
 journal= "Science",
 volume = "319",
 pages = "1651",
 year = "2008" }

@article{Paige85,
author="D.~A. Paige",
title="The annual heat balance of the {M}artian polar caps from {V}iking observations",
journal="Ph.D. thesis", volume="California Inst. of Technology.", year="1985" }

@article{Paige85b,
author="D.~A. Paige and A.~P. Ingersoll",
title = "Annual heat balance of {M}artian polar caps - {V}iking
observations",
journal= "Science",
volume = "228",
pages = "1160--1168",
year = "1985" }
 
@article{Paige90,
author="D.~A. Paige and K.~E. Herkenhoff and B.C. Murray",
title="Mariner 9 observations of the south polar cap of {M}ars: evidence for a residual {CO}$_2$ frost",
journal="J. Geophys. Res.", volume="95", pages="1913--1335", year="1990" }
 
@article{Paige92,
author="D.~A. Paige",
title="The thermal stability of near-surface ground ice on {M}ars",
journal="Nature", volume="356", pages="43--45", year="1992" }
 
@article{Paige92b,
author="D.~A. Paige and S.~E. Wood",
title="{Modeling the Martian Seasonal CO$_2$ Cycle. 2. Interannual variability}",
journal="Icarus", volume="99", pages="15--27", year="1992" }
 
@article{Paige94n,
author="D.~A. Paige and J.~E.~Bachman and K.~D. Keegan",
title="Thermal and albedo mapping of the polar regions of {M}ars using {V}iking thermal mapper observations 1. North polar region",
journal="J. Geophys. Res.", volume="99", pages="25,959--25,991", year="1994" }

@article{Paige94,
author="D.~A. Paige and K.~D. Keegan",
title="Thermal and albedo mapping of the polar regions of {M}ars using {V}iking thermal mapper observations 2. South polar region",
journal="J. Geophys. Res.", volume="99", pages="25,993--26,013", year="1994" }
 
@article{Paige95,
author="D.~A. Paige and D.~S. Bass and S.E. Wood",
title="{M}ars polar caps: {V}iking evidence for clear solid {CO}$_2$ ice",
journal="Bull. Am. Astron Soc.", volume="27", pages="1098", year="1995" }

@article{Pang77,
author="~K.~D. Pang and J.~M.Ajello",
title = "Complex refractive index of {M}artian dust: Wavelength dependance and composition ",
journal= "Icarus",
volume = "30",
pages = "63--74",
year = "1977" }

@article{Pearl99,
author="J. Pearl",
title="TES cloud paper",
journal="J. Geophys. Res.", volume="this issue", pages="???", year="1999" }

@ARTICLE{Perovich91,
   author = {{Perovich}, D.~K. and {Govoni}, J.~W.},
    title = "Absorption coefficients of ice from 250 to 400 nm",
  journal = "Geophys. Res. Let",
     year = 1991,
    month = jul,
   volume = 18,
    pages = {1233-1235}}

@ARTICLE{Phillips08,
   author = {{Phillips}, R.~J. and {Zuber}, M.~T. and {Smrekar}, S.~E. and 
 {Mellon}, M.~T. and {Head}, J.~W. and {Tanaka}, K.~L. and {Putzig}, N.~E. and 
	{Milkovich}, S.~M. and {Campbell}, B.~A. and {Plaut}, J.~J. and 
	{Safaeinili}, A. and {Seu}, R. and {Biccari}, D. and {Carter}, L.~M. and 
	{Picardi}, G. and {Orosei}, R. and {Mohit}, P.~S. and {Heggy}, E. and 
	{Zurek}, R.~W. and {Egan}, A.~F. and {Giacomoni}, E. and {Russo}, F. and 
 {Cutigni}, M. and {Pettinelli}, E. and {Holt}, J.~W. and {Leuschen}, C.~J. and 
	{Marinangeli}, L.},
    title = "{Mars North Polar Deposits: Stratigraphy, Age, and Geodynamical Response}",
  journal = {Science},
     year = 2008,
    month = may,
   volume = 320,
    pages = {1182-},
      doi = {10.1126/science.1157546}}


@ARTICLE{Phillips11,
   author = {{Phillips}, R.~J. and {Davis}, B.~J. and {Tanaka}, K.~L. and 
{Byrne}, S. and {Mellon}, M.~T. and {Putzig}, N.~E. and {Haberle}, R.~M. and 
{Kahre}, M.~A. and {Campbell}, B.~A. and {Carter}, L.~M. and 
{Smith}, I.~B. and {Holt}, J.~W. and {Smrekar}, S.~E. and {Nunes}, D.~C. and 
{Plaut}, J.~J. and {Egan}, A.~F. and {Titus}, T.~N. and {Seu}, R.},
    title = "{Massive CO$_{2}$ Ice Deposits Sequestered in the South Polar Layered Deposits of Mars}",
  journal = {Science},
     year = 2011,
    month = may,
   volume = 332,
    pages = {838-},
      doi = {10.1126/science.1203091}}

@ARTICLE{Pilorget11,
   author = {{Pilorget}, C. and {Forget}, F. and {Millour}, E. 
and {Vincendon}, M. and {Madeleine}, J.~B.},
    title = "{Dark spots and cold jets in the polar regions of Mars: New clues from a thermal model of surface CO$_{2}$ ice}",
  journal = {Icarus},
     year = 2011,
   volume = 213,
    pages = {131-149},
      doi = {10.1016/j.icarus.2011.01.031}}

@article{Piqueux03,
 author="S.~Piqueux and S.~Byrne and M.~Richardson",
 title = "The sublimation of {M}ars' southern seasonal {CO2} ice cap and the formation of spiders",
 journal= "J. Geophys. Res.",
     year = 2003,
    month = aug,
   volume = 108,
    number = "E8",
    pages = {3-1}}

@article{Piqueux08,
 author="S.~Piqueux and P.R.~Christensen",
 title = "{North and south subice gas flow and
venting of the seasonal caps of Mars: A major geomorphological agent}",
 journal= "J. Geophys. Res.",
     year = 2008,
   volume = 113,
    pages = {E06005},
doi={10.1029/2007JE003009}}

@article{Piqueux08b,
 author="S.~Piqueux and  C.S.~Edwards and P.R.~Christensen",
 title = "{Distribution of the ices exposed near the south pole of Mars using 
Thermal Emission Imaging System (THEMIS) temperature measurements}",
 journal= "J. Geophys. Res.",
     year = 2008,
   volume = 113,
    pages = {E08014},
doi={10.1029/2007JE003035}}

@ARTICLE{Piqueux08c,
   author = {{Piqueux}, S. and {Christensen}, P.~R.},
    title = "{Deposition of CO$_{2}$ and erosion of the Martian south perennial 
cap between 1972 and 2004: Implications for current climate change}",
  journal = "J. Geophys. Res. (Planets)",
     year = 2008,
   volume = 113,
   number = E12,
      eid = {E02006},
    pages = {2006},
      doi = {10.1029/2007JE002969}}

@article{Piqueux09a,
 author="S.~Piqueux and P.~Christensen",
 title = "{A model of thermal conductivity in planetary soils: 1. Theory for unconsolidated soils}",
 journal= "J. Geophys. Res. (Planets)",
     year = 2009,
    month = sep,
   volume = 114,
   number = "E13",
    pages = {9005-+},
      doi = {10.1029/2008JE003308}}

@article{Piqueux09b,
 author="S.~Piqueux and P.~Christensen",
 title = "{A model of thermal conductivity in planetary soils: 2. Theory for cemented soils}",
 journal= "J. Geophys. Res. (Planets)",
     year = 2009,
   volume = 114,
   number = "E13",
    pages = {9006-+},
      doi = {10.1029/2008JE003309}}

@article{Piqueux15,
 author="S.~Piqueux and S.~Byrne and T.N.~Titus and C.J.~Hansen and H.H.~Kieffer",
 title = "{Enumeration of Mars Years and Seasons since the Beginning of Telescopic Exploration}",
 journal= "Icarus",
     year = 2015,
   volume = "in print",
    pages = {xx}}
 
@article{Plaut88,
author="J.~J. Plaut and R. Kahn and E.~A. Guinness and R.~E. Arvidson",
title="Accumulation of sedimentary debris in the south polar region of {M}ars and implication for climate history",
journal="Icarus", volume="75", pages="357--377", year="1988" }
 
@article{Pollack79,
author="J.~B. Pollack and D.~S. Colburn and F.~M. Flasar and R. Kahn and C.~E. Carlston and D.~C.~Pidek",
title="Properties and effects of dust particles suspended in the {M}artian atmosphere",
journal="J. Geophys. Res.", volume="84", pages="2929--2945", year="1979" }
 
@article{Pollack90,
author="J.~B. Pollack and R.~M. Haberle and J. Schaeffer and H. Lee",
title="Simulations of the General Circulation of the {M}artian Atmosphere 1. Polar Processes",
journal="J. Geophys. Res.", volume="95", pages="1447--1473", year="1990" }

@ARTICLE{Pollack93,
   author = {{Pollack}, J.~B. and {Haberle}, R.~M. and {Murphy}, J.~R. and 
	{Schaeffer}, J. and {Lee}, H.},
    title = "{Simulations of the general circulation of the Martian atmosphere. II - Seasonal pressure variations}",
  journal = {J. Geophys. Res.},
     year = 1993,
    month = feb,
   volume = 98,
    pages = {3149-3181}}

@ARTICLE{Portyankina12,
   author = {{Portyankina}, G. and {Pommerol}, A. and {Aye}, K.-M. and {Hansen}, C.~J. and 
	{Thomas}, N.},
    title = "{Polygonal cracks in the seasonal semi-translucent CO$_{2}$ ice layer in Martian polar areas}",
  journal = {J. Geophys. Res. (Planets)},
     year = 2012,
   volume = 117,
   number = "E16",
      eid = {E02006},
    pages = {2006},
      doi = {10.1029/2011JE003917}}

@ARTICLE{Prettyman04,
   author={{Prettyman}, T.~H. and {Feldman}, W.~C. and {Mellon}, M.~T. and 
	{McKinney}, G.~W. and {Boynton}, W.~V. and {Karunatillake}, S. and 
	{Lawrence}, D.~J. and {Maurice}, S. and {Metzger}, A.~E. and 
	{Murphy}, J.~R. and {Squyres}, S.~W. and {Starr}, R.~D. and 
	{Tokar}, R.~L.},
    title = "{Composition and structure of the Martian surface at high southern latitudes from neutron spectroscopy}",
  journal = {J. Geophys. Res. (Planets)},
     year = 2004,
    month = may,
   volume = 109,
    number = {E18},
    pages = {5001+28}}

@ARTICLE{Prettyman09,
   author = {{Prettyman}, T.~H. and {Feldman}, W.~C. and {Titus}, T.~N.},
    title = "{Characterization of Mars' seasonal caps using neutron spectroscopy}",
  journal = {J. Geophys. Res.(Planets)},
     year = 2009,
    month = aug,
   volume = 114,
   number = E13,
    pages = {8005-+},
      doi = {10.1029/2008JE003275}}

@INPROCEEDINGS{Putzig03,
    author={{Putzig}, N.~E. and {Mellon}, M.~T. and {Arvidson}, R.~E. and 
	{Kretke}, K.~A.},
    title = "{Thermal Inertia Analysis of the Martian Globe, South Polar Region, and Past Landing Sites}",
    booktitle = {Lunar and Planetary Institute Conference Abstracts},
    year = 2003,
    month = mar,
    pages = {1429-+}}

@INPROCEEDINGS{Putzig03b,
    author={{Putzig}, N.~E. and {Mellon}, M.~T. and {Arvidson}, R.~E.},
    title = "{Thermophysical Properties of the Martian South Polar Region}",
    booktitle = {Sixth International Conference on Mars},
    year = 2003,
    month = jul,
    pages = {3173-+}}

@ARTICLE{Putzig05,
   author={{Putzig}, N.~E. and {Mellon}, M.~T. and {Kretke}, K.~A. and 
	{Arvidson}, R.~E.},
    title = "{Global thermal inertia and surface properties of Mars from the MGS mapping mission}",
  journal = {Icarus},
     year = 2005,
    month = feb,
   volume = 173,
    pages = {325-341},
      doi = {10.1016/j.icarus.2004.08.017} }

@Article{Putzig07,
author =      "N. E. Putzig and M. T. Mellon",
title =         "Thermal behavior of horizontally mixed surfaces on {M}ars",
year =          2007,
journal =       "Icarus",
volume =        191,
pages =         "52--67",
doi = {10.1016/j.icarus.2007.03.022}}

@Article{Putzig07b,
author = "N. E. Putzig and M. T. Mellon",
title =   "Apparent thermal inertia and the surface heterogeneity of {M}ars",
year = 2007, journal = "Icarus", volume = 191, pages = "68--94",
doi = {10.1016/j.icarus.2007.05.013}}

@ARTICLE{Quirico97,
   author = {{Quirico}, E. and {Schmitt}, B.},
    title = "{Near-Infrared Spectroscopy of Simple Hydrocarbons and Carbon Oxides Diluted in Solid N$_2$ and as Pure Ices: Implications for Triton and Pluto}",
  journal = {Icarus},
     year = 1997,
    month = jun,
   volume = 127,
    pages = {354-378},
      doi = {10.1006/icar.1996.5663}}

@ARTICLE{Rafkin01,
   author = {{Rafkin}, S.~C.~R. and {Haberle}, R.~M. and {Michaels}, T.~I.
	},
    title = "{The Mars Regional Atmospheric Modeling System: Model Description and Selected Simulations}",
  journal = {Icarus},
     year = 2001,
    month = jun,
   volume = 151,
    pages = {228-256},
      doi = {10.1006/icar.2001.6605}}

@ARTICLE{Reiss04,
author = {{Reiss}, D. and {van Gasselt}, S. and {Neukum}, G. and {Jaumann}, R.},
    title = "{Absolute dune ages and implications for the time of formation of gullies in Nirgal Vallis, Mars}",
  journal = {J. Geophys. Res. (Planets)},
     year = 2004, month = jun, volume = 109, number = "E18", eid = {E06007},
    pages = {6007}, doi = {10.1029/2004JE002251}} % also LPI35 p1639

@ARTICLE{Richardson02,
   author = {{Richardson}, M.~I. and {Wilson}, R.~J. and {Rodin}, A.~V.},
    title = "{Water ice clouds in the Martian atmosphere: General circulation model experiments with a simple cloud scheme}",
  journal = {J. Geophys. Res. (Planets)},
     year = 2002,
    month = sep,
   volume = 107,
    pages = {5064-+},
      doi = {10.1029/2001JE001804}}

@ARTICLE{Rogers05,
   author = {{Rogers}, A.~D. and {Christensen}, P.~R. and {Bandfield}, J.~L.},
    title = "{Compositional heterogeneity of the ancient Martian crust: Analysis of Ares Vallis bedrock with THEMIS and TES data}",
  journal = {Journal of Geophysical Research (Planets)},
     year = 2005,
    month = may,
   volume = 110,
   number = "E9",
    pages = {5010-+},
      doi = {10.1029/2005JE002399}}

@ARTICLE{Ruff01,
   author={{Ruff}, S.~W. and {Christensen}, P.~R. and {Clark}, R.~N. and 
	{Kieffer}, H.~H. and {Malin}, M.~C. and {Bandfield}, J.~L. and 
	{Jakosky}, B.~M. and {Lane}, M.~D. and {Mellon}, M.~T. 
   and {Presley}, M.~A.	},
    title = "{Mars' ``White Rock'' feature lacks evidence of an aqueous origin: Results from Mars Global Surveyor}",
  journal = {Jour. Geophys. Res.},
     year = 2001,   volume = 106,
    month = oct,
    number = 15,
    pages = {23921-23928}}

@ARTICLE{Ruiz10,
   author = {{Ruiz}, J. and {L{\'o}pez}, V. and {Dohm}, J.~M.},
    title = "{The present-day thermal state of Mars}",
  journal = {Icarus},
     year = 2010,
    month = jun,
   volume = 207,
    pages = {631-637},
      doi = {10.1016/j.icarus.2010.01.016}}

@ARTICLE{Scalabrin06,
   author = {{Scalabrin}, G. and {Marchi}, P. and {Finezzo}, F. and {Span}, R.},
    title = "{A Reference Multiparameter Thermal Conductivity Equation for Carbon Dioxide with an Optimized Functional Form}",
  journal = {Journal of Physical and Chemical Reference Data},
 keywords = {Viscosity, diffusion, and thermal conductivity},
     year = 2006, 
    month = dec,
   volume = 35,
    pages = {1549-1575},
      doi = {10.1063/1.2213631}}

@ARTICLE{Schorghofer05,
   author = {{Schorghofer}, N. and {Aharonson}, O.},
    title = "{Stability and exchange of subsurface ice on Mars}",
  journal = {J. Geophys. Res.},
     year = 2005,
    month = may,
   volume = 110,
   number = {E9},
    pages = {5003-+},
      doi = {10.1029/2004JE002350}}

@ARTICLE{Schorghofer06,
   author = {{Schorghofer}, N. and {Edgett}, K.~S.},
    title = "{Seasonal surface frost at low latitudes on Mars}",
  journal = {Icarus},
     year = 2006,
    month = feb,
   volume = 180,
    pages = {321-334},
      doi = {10.1016/j.icarus.2005.08.022}}

@ARTICLE{Schorghofer07,
   author = {{Schorghofer}, N. and {Taylor}, G.~J.},
    title = "{Subsurface migration of H_{2}O at lunar cold traps}",
  journal = {Journal of Geophysical Research (Planets)},
     year = 2007,
    month = feb,
   volume = 112,
   number = E11,
    pages = {2010-+},
      doi = {10.1029/2006JE002779}}

@ARTICLE{Schorghofer08,
   author = {{Schorghofer}, N.},
    title = "{Temperature response of Mars to Milankovitch cycles}",
  journal = {Geophysical Res. Let.},
     year = 2008,
    month = sep,
   volume = 35,
      eid = {L18201},
    pages = {18201},
      doi = {10.1029/2008GL034954}}

@ARTICLE{Schorghofer10,
   author = {{Schorghofer}, N.},
    title = "{Fast numerical method for growth and retreat of subsurface ice on Mars}",
  journal = {Icarus},
     year = 2010,
    month = aug,
   volume = 208,
    pages = {598-607},
      doi = {10.1016/j.icarus.2010.03.022}}

@incollection{Schubert92,
author="G.~Schubert and S.~C.~Solomon and D.~L.~Turcotte and M.~J.~Drake and N.~H.~Sleep",
title = "Origin and thermal evolution of {M}ars.",
booktitle="\textit{Mars}, edited by H.H. Kieffer et al.",
publisher="Univ. of Ariz. Press, Tucson",
chapter= "5", 
pages="146--183",
year = "1992" }
 
@article{Scott78,
author="D.~H. Scott and M.~H. Carr",
title="Geologic Map of {M}ars, scale 1:25,000,000",
journal="U.S.G.S. Misc. Inv. Series Map", volume="I-1083", pages="???", year="1978" }

@ARTICLE{Seidelmann74,
   author = {{Seidelmann}, P.~K. and {Doggett}, L.~E. and {Deluccia}, M.~R.},
    title = "{Mean elements of the principal planets}",
  journal = {Astron. Jour.},
     year = 1974,
    month = jan,
   volume = 79,
    pages = {57-+}}

@ARTICLE{Seidelmann02,
   author = {{Seidelmann}, P.~K. and {Abalakin}, V.~K. and {Bursa}, M. and 
{Davies}, M.~E. and {Bergh}, C.~d. and {Lieske}, J.~H. and {Oberst}, J. and 
{Simon}, J.~L. and {Standish}, E.~M. and {Stooke}, P. and {Thomas}, P.~C.},
    title = "{Report of the IAU/IAG Working Group on Cartographic Coordinates 
and Rotational Elements of the Planets and Satellites: 2000}",
  journal = {Celestial Mechanics and Dynamical Astronomy},
     year = 2002,
    month = jan,
   volume = 82,
    pages = {83-111}}

@ARTICLE{Seidelmann05,
   author = {{Seidelmann}, P.~K. and {Archinal}, B.~A. and {A'Hearn}, M.~F. and 
{Cruikshank}, D.~P. and {Hilton}, J.~L. and {Keller}, H.~U. and {Oberst}, J. 
and {Simon}, J.~L. and {Stooke}, P. and {Tholen}, D.~J. and {Thomas}, P.~C.},
    title = "{Report of the IAU/IAG Working Group on Cartographic Coordinates 
and Rotational Elements: 2003}",
  journal = {Celestial Mechanics and Dynamical Astronomy},
     year = 2005,
    month = mar,
   volume = 91,
    pages = {203-215},
      doi = {10.1007/s10569-004-3115-4}}

@ARTICLE{Seiferlin96,
   author = {{Seiferlin}, K. and {Komle}, N.~I. and {Kargl}, G. and {Spohn}, T.},
    title = "{Line heat-source measurements  of the thermal conductivity of porous H$_2$O ice, CO$_2$ ice and mineral powders under space conditions}",
  journal = {Plan. Space Sci.},
     year = 1996,
    month = jul,
   volume = 44,
    pages = {691-704}}

@article{Sharp73,
author="R.~P. Sharp",
title="{M}ars: South Polar pits and etched terrain",
journal="J. Geophys. Res.", volume="78", pages="4222--4230", year="1973" }

 @ARTICLE{Shchuko03,
   author = {{Shchuko}, O.~B. and {Kartashov}, D.~V. and {Picardi}, G. and 
	{Orosei}, R.},
    title = "{Martian underground water detection: Thermal model and simulations of radar signal propagation}",
  journal = {J. Geophys. Res. (Planets)},
     year = 2003,
    month = jan,
   volume = 108,
    pages = {8022-+},
      doi = {10.1029/2002JE001879}}

@ARTICLE{Shettle70,
   author = {{Shettle}, E.~P. and {Weinman}, J.~A.},
    title = "{The Transfer of Solar Irradiance Through Inhomogeneous Turbid Atmospheres Evaluated by Eddington's Approximation.}",
  journal = {Journal of Atmospheric Sciences},
     year = 1970,
    month = oct,
   volume = 27,
    pages = {1048-1055}}

@ARTICLE{Siegler12,
   author = {{Siegler}, M. and {Aharonson}, O. and {Carey}, E. and {Choukroun}, M. and 	{Hudson}, T. and {Schorghofer}, N. and {Xu}, S.},
    title = "{Measurements of thermal properties of icy Mars regolith analogs}",
  journal = {Journal of Geophysical Research (Planets)},
     year = 2012,
    month = mar,
   volume = 117,
   number = E16,
      eid = {E03001},
    pages = {3001},
      doi = {10.1029/2011JE003938}}

@ARTICLE{Simon94,
   author = {{Simon}, J.~L. and {Bretagnon}, P. and {Chapront}, J. and 
{Chapront-Touze}, M. and {Francou}, G. and {Laskar}, J.},
    title = "{Numerical expressions for precession formulae and mean elements for the Moon and the planets}",
  journal = {Astron. and Astroph.},
     year = 1994,
   volume = 282,
    pages = {663-683}}

@ARTICLE{Sizemore06,
   author = {{Sizemore}, H.~G. and {Mellon}, M.~T.},
    title = "{Effects of soil heterogeneity on martian ground-ice stability and orbital estimates of ice table depth}",
  journal = {Icarus},
     year = 2006,
    month = dec,
   volume = 185,
    pages = {358-369},
      doi = {10.1016/j.icarus.2006.07.018}}

@article{SmithD98,
author="Smith, D. E. and Zuber, M. T. and Frey, H. V. and
 Garvin, J. B. and Head, J. W. and Muhleman, D. O. and
 Pettengill, G. H. and Phillips, R. J. and Solomon, S. C. and
 Zwally, H. J. and Banerdt, W. B. and Duxbury, T. C.",
title = "Topography of the northern hemisphere of {M}ars from the
{M}ars Orbiter Laser Altimeter {(MOLA)}",
journal= "Science",
volume = "279",
pages = "1686--1692",
year = "1998" }
 
@article{SmithD98b,
   author={{Smith}, D.~E. and {Zuber}, M.~T.},
    title = "{The relationship between MOLA northern hemisphere topography and the 6.1-mbar atmospheric pressure surface of Mars}",
  journal = {Geophys. Res. Let.},
     year = 1998,
    month = dec,
   volume = 25,
    pages = {4397-4400},
      doi = {10.1029/1998GL900085}}

@article{Smith99,
author="D.~E. Smith and A.~B. Cee and A.~B. Cee and 1.~8. others",
title="The global topography of {M}ars and implications of surface evolution",
journal="Science", volume="284", pages="1495--1503", year="1999" }
 
@article{Smith99b,
   author={{Smith}, D.~E. and {Zuber}, M.~T.},
    title = "{The Relationship of the MOLA Topography of Mars to the Mean Atmospheric Pressure}",
  journal = {AAS/Div. Planetary Sci. Abstracts},
     year = 1999,
    month = sep,
   volume = 31,
    pages = {1178}}  %  Ls0,z=0 P=5.1 mbar   Rmean=3389508 Req=339600 (to few dig)
@ARTICLE{SmithD01,
   author = {{Smith}, D.~E. and {Zuber}, M.~T. and {Frey}, H.~V. 
and {Garvin}, J.~B. and {Head}, J.~W. and {Muhleman}, D.~O. and 
{Pettengill}, G.~H. and {Phillips}, R.~J. and {Solomon}, S.~C. and 
{Zwally}, H.~J. and {Banerdt}, W.~B. and {Duxbury}, T.~C. and {Golombek}, M.~P. 
and {Lemoine}, F.~G. and {Neumann}, G.~A. and {Rowlands}, D.~D. and 
{Aharonson}, O. and {Ford}, P.~G. and {Ivanov}, A.~B. and {Johnson}, C.~L. and 
{McGovern}, P.~J. and {Abshire}, J.~B. and {Afzal}, R.~S. and {Sun}, X.},
    title = "{Mars Orbiter Laser Altimeter: Experiment summary after the first 
year of global mapping of Mars}",
  journal = {J. Geophys. Res.},
     year = 2001,
   volume = 106,
    pages = {23689-23722},
      doi = {10.1029/2000JE001364}}


@ARTICLE{SmithD09,
   author = {{Smith}, D.~E. and {Zuber}, M.~T. and {Torrence}, M.~H. and 
	{Dunn}, P.~J. and {Neumann}, G.~A. and {Lemoine}, F.~G. and 
	{Fricke}, S.~K.},
    title = "{Time variations of Mars' gravitational field and seasonal changes in the masses of the polar ice caps}",
  journal = {J. Geophys. Res.(Planets)},
     year = 2009,
   volume = 114,
   number = "E13",
      eid = {E05002},
    pages = {5002},
      doi = {10.1029/2008JE003267}}

@article{Smith00,
author="M.~D. Smith and J.~L. Bandfield and P.~R. Christensen",
title="Separation of atmospheric and surface spectral features in {M}ars {G}lobal {S}urveyor Thermal Emission Spectrometer (TES) spectra",
journal="J. Geophys. Res.", volume=105, pages={9589-9608}, year="2000" ,
      doi = {10.1029/1999JE001105}}

@ARTICLE{Smith00b,
   author={{Smith}, M.~D. and {Pearl}, J.~C. and {Conrath}, B.~J. and {Christensen}, P.~R.},
    title = "{Mars Global Surveyor Thermal Emission Spectrometer (TES) observations of dust opacity during aerobraking and science phasing}",
  journal = {J. Geophys. Res.},
     year = 2000,
    month = apr,
   volume = 105,
   number = 14,
    pages = {9539-9552},
      doi = {10.1029/1999JE001097}}

@ARTICLE{Smith02,
   author = {{Smith}, M.~D.},
    title = "{The annual cycle of water vapor on Mars as observed by the Thermal Emission Spectrometer}",
  journal = {J. Geophys. Res.},
     year = 2002,
    month = nov,
   volume = 107,
    pages = {25-1},
      doi = {10.1029/2001JE001522}}

@ARTICLE{Smith03,
   author = {{Smith}, M.~D. and {Bandfield}, J.~L. and {Christensen}, P.~R. and 
	{Richardson}, M.~I.},
    title = "{Thermal Emission Imaging System (THEMIS) infrared observations of atmospheric dust and water ice cloud optical depth}",
  journal = {Journal of Geophysical Research (Planets)},
     year = 2003,
    month = nov,
   volume = 108,
    pages = {1-1},
      doi = {10.1029/2003JE002115}}

@ARTICLE{SmithM04,
   author = {{Smith}, M.~D.},
    title = "{Interannual variability in TES atmospheric observations of Mars during 1999-2003}",
  journal = {Icarus},
     year = 2004,
    month = jan,
   volume = 167,
    pages = {148-165},
      doi = {10.1016/S0019-1035(03)00287-2}}

@ARTICLE{Smith04,
   author = {{Smith}, M.~D. and {Wolff}, M.~J. and {Lemmon}, M.~T. and {Spanovich}, N. and {Banfield}, D. and {Budney}, C.~J. and {Clancy}, R.~T. and {Ghosh}, A. and {Landis}, G.~A. and {Smith}, P. and {Whitney}, B. and {Christensen}, P.~R. and {Squyres}, S.~W.},
    title = "{First Atmospheric Science Results from the Mars Exploration Rovers Mini-TES}",
  journal = {Science},
     year = 2004,
    month = dec,
   volume = 306,
    pages = {1750-1753},
      doi = {10.1126/science.1104257}}

@INPROCEEDINGS{SmithM06,
   author = "Smith, M.~D.",
    title = "{TES Atmospheric Temperature, Aerosol, Optical
Depth, and Water Vapor Observations 1999-2004}",
booktitle = {Second workshop on Mars atmospheric modeling and observations. 
Granada, Spain},
year= 2006 }

@ARTICLE{SmithM09,
 author = {Smith, M.~D.},
 title = "{THEMIS observations of Mars aerosol depth from 2002-2008}",
  journal = {Icarus},
year=2009,
 volume = 202,
pages="444--452" }


@incollection{Snyder92,
author="Snyder, C. W. and Moroz, V. I.",
title = "Spacecraft exploration of {M}ars.",
booktitle="\textit{Mars}, edited by H.H. Kieffer et al.",
publisher="Univ. of Ariz. Press, Tucson",
chapter= "23", 
pages="767--795",
year = "1992" }

@ARTICLE{Soderblom90,
author={{Soderblom}, L.~A. and {Becker}, T.~L. and {Kieffer}, S.~W. and 
{Brown}, R.~H. and {Hansen}, C.~J. and {Johnson}, T.~V.},
title = "{Triton's geyser-like plumes - Discovery and basic characterization}",
journal = {Science},
 year = 1990, month = oct,volume = 250,pages = {410-415} }

@ARTICLE{Span96,
author={R.~Span and W.~Wagner},
title="A New Equation of State for Carbon Dioxide Covering the Fluid Region from the Triple-Point Temperature to 1100 K at Pressures up to 800 MPa",
 journal = {J. Phys. Chem. Ref. Data},
vol=25,
year=1996,
pages="1509+",
      doi = {10.1063/1.555991}} 

@ARTICLE{Spiga07,
   author = {{Spiga}, A. and {Forget}, F. and {Dolla}, B. and {Vinatier}, S. and 
	{Melchiorri}, R. and {Drossart}, P. and {Gendrin}, A. and {Bibring}, J.-P. and 
	{Langevin}, Y. and {Gondet}, B.},
    title = "{Remote sensing of surface pressure on Mars with the Mars Express/OMEGA spectrometer: 2. Meteorological maps}",
  journal = {J. Geophys. Res. (Planets)},
     year = 2007,
    month = aug,
   volume = 112,
   number = E11,
      eid = {E08S16},
    pages = {8},
      doi = {10.1029/2006JE002870}}

@ARTICLE{Spiga11,
   author = {{Spiga}, A. and {Forget}, F. and {Madeleine}, J.-B. and {Montabone}, L. and 
	{Lewis}, S.~R. and {Millour}, E.},
    title = "{The impact of martian mesoscale winds on surface temperature and on the determination of thermal inertia}",
  journal = {Icarus},
     year = 2011,
    month = apr,
   volume = 212,
    pages = {504-519},
      doi = {10.1016/j.icarus.2011.02.001}}

@ARTICLE{Sprague04,
   author = {{Sprague}, A.~L. and {Boynton}, W.~V. and {Kerry}, K.~E. and 
{Janes}, D.~M. and {Hunten}, D.~M. and {Kim}, K.~J. and {Reedy}, R.~C. and 
	{Metzger}, A.~E.},
    title = "{Mars' south polar Ar enhancement: a tracer for south solar seasonal meridional mixing}",
  journal = {Science},
     year = 2004,
    month = nov,
   volume = 306,
    pages = {1364-1367},
      doi = {10.1126/science.1098496}}

@ARTICLE{Sprague07,
   author = {{Sprague}, A.~L. and {Boynton}, W.~V. and {Kerry}, K.~E. and 
	{Janes}, D.~M. and {Kelly}, N.~J. and {Crombie}, M.~K. and {Melli}, S.~M. and 
	{Murphy}, J.~R. and {Reedy}, R.~C. and {Metzger}, A.~E.},
    title = "{Mars' atmospheric argon: Tracer for understanding Martian atmospheric circulation and dynamics}",
  journal = {J. Geophys. Res. (Planets)},
     year = 2007,
    month = jan,
   volume = 112,
    pages = {3},
      doi = {10.1029/2005JE002597}}

@ARTICLE{Sprague12,
   author = {{Sprague}, A.~L. and {Boynton}, W.~V. and {Forget}, F. and {Lian}, Y. and {Richardson}, M. and {Starr}, R. and {Metzger}, A.~E. and {Hamara}, D. and {Economou}, T.},
    title = "{Interannual similarity and variation in seasonal circulation of Mars' atmospheric Ar as seen by the Gamma Ray Spectrometer on Mars Odyssey}",
  journal = {J. Geophys. Res. (Planets)},
     year = 2012,
    month = apr,
   volume = 117,
      eid = {E04005},
    pages = {4005},
      doi = {10.1029/2011JE003873}}
%Auxiliary materials are available at ftp://ftp.agu.org/apend/je/2011je003873.



@article{Squyres79,
author="S.~W. Squyres",
title="The evolution of dust deposits in the {M}artian north polar region",
journal="Icarus", volume="40", pages="244--261", year="1979" }

@INCOLLECTION{Standish06,
author="E.M.~Standish and J.G.~Williams",
title="Keplerian elements of the approximate positions of the major planets",
booktitle="Explanatory supplement to the Astronomical Almanac",
note="Section 8.10", 
publisher="online at \url{http://iau-comm4.jpl.nasa.gov/keplerformulae/kepform.pdf} ",
year = "2006"}
% pages = "1-4",

@misc{Sturms71,
author="Sturms Jr, F. M.",
title="Polynomial expressions for planetary equators and orbit elements with respect to the mean 1950.0 coordinate system",
howpublished="Jet Propulsion Laboratory Technical Report, 32-1508",
year="1971"}  % 1972jan15

 @ARTICLE{Sumarokov03,
   author = {{Sumarokov}, V.~V. and {Stachowiak}, P. and {Jezowski}, A.},
    title = "{Low-temperature thermal conductivity of solid carbon dioxide}",
  journal = {Low Temperature Physics},
     year = 2003,
    month = may,
   volume = 29,
    pages = {449-450},
      doi = {10.1063/1.1542510}}

@INPROCEEDINGS{Supulver01,
    author={{Supulver}, K.~D. and {Edgett}, K.~S. and {Malin}, M.~C.},
    title = "{Seasonal Changes in Frost Cover in the Martian South Polar Region: Mars Global Surveyor MOC and TES Monitoring of the Richardson Crater Dune Field}",
    booktitle = {Lunar and Planetary Institute Conference Abstracts},
    year = 2001,
    month = mar,
    pages = {1966-+}}

@article{Tanaka87,
author="K.~L. Tanaka and D.~H. Scott",
title="Geologic Map of the Polar Regions of {M}ars, scale 1:15,000,000",
journal="U.S.G.S. Misc. Inv. Series Map", volume="I-1802-C", year="1987" }

@article{Thomas79,
author="Thomas, P. and Veverka, J. and Campos-Marquetti, R.",
title = "Frost streaks in the south polar cap of {M}ars",
journal= "JGR",
volume = "84",
pages = "4621--4633",
year = "1979" }

@article{Thomas89,
author="P.~C. Thomas and C. Weitz",
title="Sand dune materials and polar layered deposits on {M}ars",
journal="Icarus", volume="81", pages="185--215", year="1989" }
 
@incollection{Thomas92,
author="P. Thomas and S. Squyres and K. Herkenhoff and A. Howard and B. Murray",
title="Polar deposits of {M}ars",
booktitle="\textit{Mars}, edited by H.H. Kieffer et al.", publisher="Univ. of Ariz. Press, Tucson", chapter="23", pages="767--795", year="1992" }

@INPROCEEDINGS{Thomas00,
 author="P.~C.~Thomas and R.~Sullivan and A.~P.~Ingersoll and 
 B.~C.~Murray and G.~E.~Danielson and K.~E.~Herkenhoff and L.~Soderblom
 and M.~C.~Malin and K.~S.~Edgett and P.~B.~James",
 title = "The Residual Polar Caps of {M}ars: Geological Differences and Possible Consequences",
 booktitle = "Second International Conference on Mars Polar Science and Exploration",
 year = "2000",
 month = "aug",
 pages = "172" }

@ARTICLE{Thomas00n,
 author="P.~C.~Thomas and M.~C.~Malin and K.~S.~Edgett and M.~H.~Carr
 and W.~Hartmann and A.~P.~Ingersoll and P.~B.~James and L.~Soderblom and J.~Veverka and ~K.R.~Sullivan",
 title = "North-south geological differences between the residual polar caps on {M}ars",
 journal = "Nature",
 year = "2000",
 month = "mar",
 volume = "404",
 pages = "161--164"}

@ARTICLE{Thomas03,
   author = {{Thomas}, P.~C. and {Gierasch}, P. and {Sullivan}, R. and {Miller}, D.~S. and 
	{Alvarez del Castillo}, E. and {Cantor}, B. and {Mellon}, M.~T.},
 title = "{Mesoscale linear streaks on Mars: environments of dust entrainment}",
  journal = {Icarus},
     year = 2003,
    month = apr,
   volume = 162,
    pages = {242-258},
      doi = {10.1016/S0019-1035(03)00028-9}}

@article{Tillman93,
author="J.~E. Tillman and N.~C. Johnson and P. Gettorp and D.~B. Percival",
title="The {M}artian annual atmospheric pressure cycle: years without great dust storms",
journal="J. Geophys. Res.", volume="98", pages="10963--10971", year="1993" }
 
@article{Titus98,
author="T.~N. Titus and H.~H. Kieffer and K.~F. Mullins",
title="{TES} Observations of the South Pole",
journal="Div.Plan. Sci. meeting", volume="30", pages="2005", year="1998" }
 
@article{Titus98t,
author="T.~N. Titus and E. Spillar and P. Johnson",
title="unknown",
journal= "Astron. Jour.",
volume = "114",
pages = "958",
year = "1998" }
 
@inproceedings{TitusKief98,
author="T.~N. Titus and H.~H. Kieffer and K.~F. Mullins",
title = "{TES} Observations of the South Pole",
booktitle= "Bull. Amer. Astron. Soc. vol. 30",
number = "3",
pages = "1049--1050",
year = "1998" }
 
@article{Titus01,
author="T.~N. Titus and H.~H. Kieffer and K.~F. Mullins",
title="Slab ice and snow flurries in the {M}artian polar night",
journal="J. Geophys. Res.", volume="106",number="E10",
 pages="23,181--23,196", year="2001" }

@article{Titus01a,
author="T.~N. Titus",
title=" An interactive analysis system for data from the {MGS} {TES}",
journal="???", volume="???", pages="???", year="2001" }

% next item also in  Sciencexpress 2002dec05
@article{Titus03,    
author="T.~N. Titus and H.~H. Kieffer and P.~N.~Christensen",
title = "Exposed water ice discovered near the south pole of {M}ars",
journal= "Science",
volume = "299",
pages = "1048--1051",
year = "2003" } 

@ARTICLE{Titus05,
   author = {{Titus}, T.~N.},
    title = "{Thermal infrared and visual observations of a water ice lag in the Mars southern summer}",
  journal = {Geophys. Res. Let.},
     year = 2005,
    month = dec,
   volume = 32,
    pages = {24204-+},
      doi = {10.1029/2005GL024211}}

@INPROCEEDINGS{Titus05b,
   author = {{Titus}, T.~N.},
    title = "{Mars Polar Cap Edges Tracked over 3 Full Mars Years}",
booktitle = {36th Annual Lunar and Planetary Science Conference},
     year = 2005,
   editor = {{Mackwell}, S. and {Stansbery}, E.},
    month = mar,
    pages = {1993-+}}

@ARTICLE{Titus07a,
   author = {{Titus}, T.~N. and {Kieffer}, H.~H. and {Langevin}, Y. and 
{Murchie}, S. and {Seelos}, F. and {Vincendon}, M.},
    title = "{Bright Fans in Mars Cryptic Region Caused by Adiabatic Cooling of CO2 Gas Jets.}",
  journal = {AGU Fall Meeting Abstracts},
     year = 2007,
    month = dec,
    pages = {A5+}}

@article{Tomasko99, 
author="M.~G.~Tomasko and L.~R.~Doose and M.~Lemmon and P.~H.~Smith
 and E.~Wegryn",
title = "Properties of dust in the Martian atmosphere from the 
Imager on {M}ars {P}athfinder",
journal = "J. Geophys. Res.",
volume = "104",pages = "8987--9008",year = "1999" }

@ARTICLE{Vasa99,
   author = {{Vasavada}, A.~R. and {Paige}, D.~A. and {Wood}, S.~E.},
    title = "{Near-Surface Temperatures on Mercury and the Moon and the Stability of Polar Ice Deposits}",
  journal = {Icarus},
     year = 1999,
    month = oct,
   volume = 141,
    pages = {179-193},
      doi = {10.1006/icar.1999.6175}}

@ARTICLE{Vasa12,
   author = {{Vasavada}, A.~R. and A,~Chen and J.R.~Barnes and 13 others},
    title = "{Assessment of environments for Mars Science Laboratory entry, 
descent, and surface operations}",
 journal = "Space Sci. Rev",
     year = 2012,
   volume = 0,
    pages = {in press}}

@article{Warren84,
author="S.~G. Warren",
title="Optical constants of ice from the ultraviolet to the microwave",
journal="Applied Optics", volume="23", pages="1206-1225", year="1984" }
 
@article{Warren86,
author="S.~G. Warren",
title="Optical constants of carbon dioxide ice",
journal="Applied Optics", volume="25", pages="2650--2674", year="1986" }
 
@article{Warren90,
author="S.~G. Warren and W.~J. Wiscombe and J.~F. Firestone",
title="Spectral Albedo And Emissivity of {CO}$_2$ In {M}artian Polar Caps: Model Results",
journal="J. Geophys. Res.", volume="95", pages="14717--14741", year="1990" }

@ARTICLE{Wechsler65,
   author = {{Wechsler}, A.~E. and {Glaser}, P.~E.},
    title = "{Pressure Effects on Postulated Lunar Materials}",
  journal = {Icarus},
     year = 1965,
    month = sep,
   volume = 4,
    pages = {335-+},
      doi = {10.1016/0019-1035(65)90038-2}}

@ARTICLE{Wechsler72,
   author = {{Wechsler}, A.~E. and {Glaser}, P.~E. and {Fountain}, J.~A.},
    title = "{Thermal properties of granulated materials.}",
  journal = {Progress in Astronautics and Aeronautics},
     year = 1972,
   volume = 28,
    pages = {215-241}}

@article{Weissman81,
author="P.~R.~Weissman and H.~H. Kieffer",
title="Thermal modeling of cometary nuclei",
journal="Icarus", 
volume="47", 
pages="302--311", 
year="1981" }


@ARTICLE{Weissman84a,
author="P.~R.~Weissman and H.~H. Kieffer",
title="An improved thermal modeling for cometary nuclei",
journal="J. Geophys. Res. Supp.", 
volume="4", 
    pages = "C358--C364",
year="1984" }
%http://adsabs.harvard.edu/full/1984LPSC...15..358W

@article{Weissman84,
author="P.~R.~Weissman and H.~H. Kieffer",
title="Thermal modeling of Halley's comet",
journal="Adv. Space Res.", 
volume="4", 
pages="221--224", 
year="1984" }

@ARTICLE{Weiss00,
   author={{Weiss}, B.~P. and {Ingersoll}, A.~P.},
    title = "{Cold Spots in the Martian Polar Regions: Evidence of Carbon Dioxide Depletion?}",
  journal = {Icarus},
     year = 2000,
    month = apr,
   volume = 144}
    pages = {432-435}

@ARTICLE{Wergin97,
   author="W.~P.~Wergin and J.~L.~Foster and  A.~T.~C.~Chang and  D.~K.~Hall
and  A.~Rango and E. F.Erbe",
    title = "{Structure of carbon dioxide crystals (Martian snow) as observed in TEM replicas and low temperature SEM images}",
  journal = {Microsc. and Microanalysis, suppl 2},
     year = 1997,
   volume = 144,
    pages = {1235-1236}}

@ARTICLE{Wilson96,
   author = {{Wilson}, R.~J. and {Hamilton}, K.},
    title = "{Comprehensive model simulation of thermal tides in the Martian atmosphere.}",
  journal = {J. Atm. Sci.},
     year = 1996,
    month = may,
   volume = 53,
    pages = {1290-1326},
      doi = {10.1175/1520-0469(1996)053}}

@article{Wiscombe80,
author="W.~J. Wiscombe",
title="Improved Mie scattering algorithms",
journal="Applied Optics", volume="19", pages="1505--1509", year="1980" }

@ARTICLE{Withers12,
author="P.~Withers",
title="Empirical Estimates of Martian Surface Pressure
in Support of the Landing of {Mars Science Laboratory}",
journal="Space Sci. Rev.",
volume=170,
pages="837--860",
year= 2012}

@ARTICLE{Wolff03,
   author={{Wolff}, M.~J. and {Clancy}, R.~T.},
    title = "{Constraints on the size of Martian aerosols from Thermal Emission Spectrometer observations}",
  journal = {J. Geophys. Res. (Planets)},
     year = 2003,
    volume = 108,
    number = "E9",
    pages = {1-1}}

@ARTICLE{Wolff06,
   author="M.~J.~Wolff and A ~N.~Others",
    title = "Complex index of refraction for martian dust",
  journal = {J. Geophys. Res.},
     year = 2007,
    volume = "submitted XX",
    number = "XX",
    pages = {1-1}}

@ARTICLE{Wolff06b,
   author = {{Wolff}, M.~J. and {Smith}, M.~D. and {Clancy}, R.~T. and {Spanovich}, N. and 
	{Whitney}, B.~A. and {Lemmon}, M.~T. and {Bandfield}, J.~L. and 
	{Banfield}, D. and {Ghosh}, A. and {Landis}, G. and {Christensen}, P.~R. and 
	{Bell}, J.~F. and {Squyres}, S.~W.},
    title = "{Constraints on dust aerosols from the Mars Exploration Rovers using MGS overflights and Mini-TES}",
  journal = {Journal of Geophysical Research (Planets)},
     year = 2006,
    month = dec,
   volume = 111,
   number = E10,
    pages = {12-+},
      doi = {10.1029/2006JE002786}}

@article{Wood76,
author="C.~A. Wood and J.~W. Head",
title="Comparison of impact basins on Mercury, {M}ars and the Moon",
journal="Proc. Lunar Sci. Conf.", volume="7", pages="3629--3651", year="1976" }
 
@article{Wood92,
author="S.~E. Wood and D.~A. Paige",
title="{Modeling the Martian seasonal CO$_2$ cycle; 1. Fitting the Viking Lander pressure curves}",
journal="Icarus", volume="99", pages="1--14", year="1992" }
 
@article{Wood99,
author="S.~E. Wood",
title="Nucleation and growth of {CO}$_2$ ice crystals in the {M}artian atmosphere",
journal="Ph.D. thesis", volume="UCLA", pages="???", year="1999" }

@article{Yamashita97,
author="Y. Yamashita and M. Kato",
    title ="Viscoelastic properties of polycrystalline solid methane
and carbon dioxide",
  journal = {Geophys. Res. Let.},
     year = 1997,
   volume = 24, pages="1327-1330"}

@ARTICLE{Yoder97,
   author = {{Yoder}, C.~F. and {Standish}, E.~M.},
    title = "{Martian precession and rotation from Viking lander range data}",
  journal = {J. Geophys. Res.},
     year = 1997,
   volume = 102,
    pages = "4065-4080",
      doi = {10.1029/96JE03642}}

@ARTICLE{Yoder03,
   author = {{Yoder}, C.~F. and {Konopliv}, A.~S. and {Yuan}, D.~N. and {Standish}, E.~M. and 
	{Folkner}, W.~M.},
    title = "{Fluid Core Size of Mars from Detection of the Solar Tide}",
  journal = {Science},
     year = 2003,
    month = apr,
   volume = 300,
    pages = {299-303},
      doi = {10.1126/science.1079645}}

@book{Yu00,
author="Hai-Sai Yu",
title="Cavity Expansion Methods in Geomechanics",
 publisher= "Kluwer Academic Pub.",
 address= "Dordrech",
 note = "1st ed., 385 pp.",
 year = "2000" }

@ARTICLE{Zhang01,
   author = {{Zhang}, K.~Q. and {Ingersoll}, A.~P. and {Kass}, D.~M. and 
 {Pearl}, J.~C. and {Smith}, M.~D. and {Conrath}, B.~J. and {Haberle}, R.~M.},
    title = "{Assimilation of Mars Global Surveyor atmospheric temperature data into a general circulation model}",
  journal = {J. Geophys. Res.},
     year = 2001,
    month = dec,
   volume = 106,
    pages = {32863-32878},
      doi = {10.1029/2000JE001330}}

@article{Zent86,
 author="A.~P.~Zent and F.~P.~Fanale and J.~R.~Savail and S.E~.~Postawko",
 title = "Distribution and state of {H$_2$O} in the high-latitude shallow subsurface of {M}ars",
 journal= "Icarus",
 volume = "67",
 pages = "19--36",
 year = "1986" }

@article{Zuber98,
author="M.~T.~Zuber and D.~E.~Smith and S.~S.~Soloman and 17 others", 
title = "Observations of the north polar region of {M}ars from the {M}ars {O}rbiter {L}aser {A}ltimeter",
journal= "Science",
volume = "282",
pages = "2053--2060",
year = "1998" }

@ARTICLE{Zuber00,
author = {{Zuber}, M.~T. and {Solomon}, S.~C. and {Phillips}, R.~J. and 
{Smith}, D.~E. and {Tyler}, G.~L. and {Aharonson}, O. and {Balmino}, G. and 
	{Banerdt}, W.~B. and {Head}, J.~W. and {Johnson}, C.~L. and 
	{Lemoine}, F.~G. and {McGovern}, P.~J. and {Neumann}, G.~A. and 
	{Rowlands}, D.~D. and {Zhong}, S.},
    title = "{Internal Structure and Early Thermal Evolution of Mars from Mars Global Surveyor Topography and Gravity}",
  journal = {Science}, year = 2000, volume = 287, pages = {1788-1793},
      doi = {10.1126/science.287.5459.1788}}

@incollection{Zurek92,
author="R.~W.~Zurek and J.~R.~Barnes and R.~M.~Haberle and J.~B.~Pollack and J.~E.~Tillman and C.~B.~Leovy",
title = "Dynamics of the atmosphere of {M}ars",
booktitle="\textit{Mars}, edited by H.H. Kieffer et al.", publisher="Univ. of Ariz. Press, Tucson",
chapter= "26", 
pages="835--933",
year = "1992" }
