%% moon.bib - contains BiBtex input for bibliography
%== start sections on: Sun Stars Ephemeris Atmosphere ASTER other_instr.  Moon
% 2011sep19 move Sun and stars to star.bib
% http://saturn.sron.nl/divisions/eos/gome_moon.html

%== Ephemeris ================================================================

@BOOK{AA01,
   author = {{U. S. Naval Observatory} and {Royal Greenwich Observatory}},
    title = "{The Astronomical Almanac for the year 2001}",
publisher = {Washington: United States Government Printing Office (USGPO) and London: Her Majesty's Stationery Office (HMSO), 2000.},
     year = 2000}

@ARTICLE{Folkner08,
 author = "Folkner,W. M. and  J. G. Williams and  D. H. Boggs",
 title = "{The Planetary and Lunar Ephemeris DE 421}",
howpublished ={JPL IOM 343R-08-003, March 31, 2008},
  journal = {ssd.jpl.nasa.gov  pub/eph/planets/ioms/de421.iom.v1.pdf},
 pages  = "31 pp.",
 month = mar ,
 year = "2008" }

@ARTICLE{Irwin99, author = {{Irwin}, A. W. and {Fukushima}, T.}, title = "{A
   numerical time ephemeris of the Earth}", journal = {Astron. Astrophys.}, year
   = 1999, month = aug, volume = 348, pages = {642-652}}

@ARTICLE{Kono01,
   author = {{Konopliv}, A. S. and {Asmar}, S. W. and {Carranza}, E. and 
	{Sjogren}, W. L. and {Yuan}, D. N.},
  title = "{Recent Gravity Models as a Result of the Lunar Prospector Mission}",
  journal = {Icarus},
     year = 2001,
    month = mar,
   volume = 150,
    pages = {1-18},
      doi = {10.1006/icar.2000.6573} }

@ARTICLE{Kono06,
   author = {{Konopliv}, A. S. and {Yoder}, C. F. and {Standish}, E. M. and {Yuan}, D.-N. and {Sjogren}, W. L.},
    title = "{A global solution for the Mars static and seasonal gravity, Mars orientation, Phobos and Deimos masses, and Mars ephemeris}",
  journal = {Icarus},
     year = 2006,
    month = may,
   volume = 182,
    pages = {23-50}}

@ARTICLE{Krasin07,
   author = {{Krasinsky}, G. and {Fukushima}, T. and {Chapront}, J. and {Standish}, E. M. and 
	{Hohenkerk}, C. and {Kaplan}, G. and {Seidelmann}, P. K. and 
	{Bangert}, J. and {Urban}, S. and {Vondrak}, J.},
    title = "{Commission 4: Ephemerides}",
  journal = {Transactions of the International Astronomical Union, Series A},
     year = 2007,
    month = mar,
   volume = 26,
    pages = {3-6}}
  
@article{Newhall83,
 author = "X. X. Newhall and E. M. Standish and J. G. Williams",
 title  = "{DE102: a numerically integrated ephemeris of the Moon and planets spanning forty-four centuries}",
 journal= "Astron. \& Astroph.",  
 volume = "125", 
 pages  = "150--167",
 year   = "1983" }

@article{Standish82,
 author = "E. M. Standish",
 title  = "{Orientation of the JPL Ephemerides, DE200/LE200, to the Dynamical Equinox of J2000}",
 journal= "Astron. \& Astroph.",  
 volume = "114", 
 pages  = "297--302",
 year   = "1982" }
      
@article{Standish90,
 author = "E. M. Standish",
 title  = "{The Observational Basis for JPL's DE200, the planetary ephemeris of the Astronomical Almanac}",
 journal= "Astron. \& Astroph.",  
 volume = "233", 
 pages  = "252--271",
 year   = "1990" }  

@ARTICLE{Standish98,
   author = {{Standish}, E. M.},
    title = "{Time scales in the JPL and CfA ephemerides}",
  journal = {"Astron. \& Astroph},
     year = 1998,
    month = aug,
   volume = 336,
    pages = {381-384}} 

@ARTICLE{Standish06,
   author = {{Standish}, E. M. and {Williams}, J. G.},
    title = "{Chapter 8: Orbital Ephemerides of the Sun, Moon and Planets}",
  journal = {ssd.jpl.nasa.gov  /pub/eph/planets/ioms/ExplSupplChap8.pdf},
     year = 2006,
    month = apr,
   volume = 1,
    pages = {33 pp}}
                   
@ARTICLE{Standish07,
   author = {{Standish}, E. M. and {Williams}, J. G.},
    title = "{Models for high-precision spacecraft and planetary and lunar ephemerides}",
  journal = {Highlights of Astronomy},
 keywords = {reference system, time, standards, ephemerides},
     year = 2007,
    month = aug,
   volume = 14,
    pages = {468-468},
      doi = {10.1017/S174392130701143X}}

@ARTICLE{Williams08,
 author = "J. G. Williams and  D. H. Boggs and Folkner, W. M.",
 title = "{DE421 Lunar Orbit, Physical Librations, and Surface Coordinates}",
howpublished ={JPL IOM 3335-JW,DB,WF-20080314-001, March 14, 2008},
  journal = {ssd.jpl.nasa.gov  pub/eph/planets/ioms/de421\_moon\_coord\_iom.pdf},
 pages  = "14 pp",
    month = mar ,
 year = "2008" }


%== Atmosphere ===============================================================

@INPROCEEDINGS{modtran96,
    author = {{Anderson}, G. P. and {Kneizys}, F. X. and {Chetwynd}, J. H. and {Rothman}, L. S. and {Hoke}, M. L. and {Berk}, A. and {Bernstein}, L. S. and {Acharya}, P. K. and {Snell}, H. E. and {Mlawer}, E. and {Clough}, S. A. and {Wang}, J. and {Lee}, S. and {Revercomb}, H. E. and {Yokota}, T. and {Kimball}, L. M. and {Shettle}, E. P. and {Abreu}, L. W. and {Selby}, J. E.},
    title = {Reviewing atmospheric radiative transfer modeling: new developments in high- and moderate-resolution FASCODE/FASE and MODTRAN},
    booktitle = {Proc. SPIE Vol. 2830, p. 82-93, Optical Spectroscopic Techniques and Instrumentation for Atmospheric and Space Research II, Paul B. Hays; Jinxue Wang; Eds.},
    year = 1996,
    month = oct,
    pages = {82-93}}
                
%== ASTER and related instruments ==========================================

@article{Arai88,
 author = "K. Arai",
 title  = "{Preliminary assessment of radiometric accuracy for MOS-1 sensors}",
 journal= "Internat. Jour. Remote Sensing",  
 volume = "9", 
 pages  = "5-12",
 year   = "1988" }

@article{Arai97,
 author = "K. Arai",
 title  = "In-flight test site cross calibration between mission instruments
onboard same platform ",
 journal= "Advances in Space Research",  
 volume = "19", 
 pages  = "1317-1328",
 year   = "1997" }

@article{Arai05,
 author = "K. Arai and H. Tonooka",
 title  = {Radiometric performance of the ASTER VNIR,SWIR and TIR},
 journal= "Trans. Geosci. and Remote Sens.",  
 volume = "43", 
 pages  = "2725-2724",
 year   = "2005" }

% MAGUCHI, H. TSU and H. FUJISADA, 1993, Scientific basis of ASTER instrument design. In Proc. SPIE, vol. 1939, pp. 150-160.

% FUJISADA, 1994, Overview of ASTER instrument on EOS AM-1 platform. In Proc. SPIE, vol. 2268, pp. 14-36.

%Y. YAMAGUCHI, H. TSU,, A. KAHLE, and D.A. NICHOLS, 1994, ASTER instrument design and science objectives. Amer. Inst. Aeron. Astron., vol. 7, paper 94-0597

@INPROCEEDINGS{Folkman97,
   author = {{Folkman}, M. A. and {Sandor}, S. R. and {Thordarson}, S. and 
	{Hedman}, T. R. and {Gleichauf}, D. A. and {Casement}, S. and 
	{Quon}, B. H. and {Jarecke}, P. J.},
    title = "{Updated results from performance characterization and calibration of the TRWIS III hyperspectral imager}",
booktitle = {Proc. SPIE Vol. 3118, Imaging Spectrometry III, Michael R. Descour; Sylvia S. Shen; Eds.},
     year = 1997,
    month = oct,
    pages = {142-153}}

@INPROCEEDINGS{Folkman01,
   author = {{Folkman}, M. A. and {Pearlman}, J. and {Liao}, L. B. and {Jarecke}, P. J.},
    title = "{EO-1/Hyperion hyperspectral imager design, development, characterization, and calibration}",
booktitle = {Proc. SPIE Vol. 4151, Hyperspectral Remote Sensing of the Land and Atmosphere, William L. Smith; Yoshifumi Yasuoka; Eds.},
     year = 2001,
    month = feb,
    pages = {40-51}}

@INPROCEEDINGS{Fujisada94,
   author = "{Fujisada}, H.",
   title = "Overview of {ASTER} instrument on {EOS-AM1} platform",
   booktitle = {Proc. SPIE Vol. 2268, Infrared Spaceborne Remote Sensing II, M.S. Scholl; Ed.},
   year = 1994,
   month = sep,
   pages = {14-36}}

@misc{Fujisada96,
 author = "H. Fujisada",
 title  = "{Algorithm Theoretical Basis Document for ASTER Level-1 Data Processing}",
 howpublished ={http://eospso.gsfc.nasa.gov/eos\_homepage/for\_scientists/atbd/viewInstrument.php?instrument=4},
 pages  = "117 pp.",
 year = "1996" }

@article{Hagolle99,
 author = "O. Hagolle and  P. Galoub and  et al.",
 title  = "{Results of {POLDER} in-flight calibration}",
 journal= "Trans. on Geoscience and Remote Sensing",  
 volume = "37", 
 pages  = "550--1566",
 year   = "1999" }

@INPROCEEDINGS{Iwasaki01,
   author = "A. Iwasaki and H. Fujisada and S. Tsujimoto",
    title = "{ASTER geometric performance}",
booktitle = {Proc. SPIE Vol. 4540, Sensors, Systems, and Next-Generation Satellites V, Hiroyuki Fujisada; Joan B. Lurie; Konradin Weber; Eds.},
     year = 2001,
    month = dec,
    pages = {27-38}}

@INPROCEEDINGS{Iwasaki02,
   author = {{Iwasaki}, A. and {Fujisada}, H. and {Akao}, H. and {Shindou}, O. and {Akagi}, S.},
    title = "{Enhancement of spectral separation performance for ASTER/SWIR}",
booktitle = {Proc. SPIE Vol. 4486, p. 42-50, Infrared Spaceborne Remote Sensing IX, Marija Strojnik; Bjorn F. Andresen; Eds.},
     year = 2002,
    month = feb,
    pages = {42-50}}
 
 @misc{KiefTitus97,
 author = "H. H. Kieffer and T. N. Titus and B. R. Raup",
 title = "{Integration test data from the ASTER prototype model}",
 note= "ASTER Team internal memo",  
 year = "1997" }

@article{Kieffer05,
 author = "H. H. Kieffer and K. F. Mullins and D. J. MacKinnon",
title="{Validation of the ASTER instrument Level 1A scene geometry}",
 journal= "Photogram. Eng. and Remote Sens.", 
 volume = 74,
 pages  = "289--301",
 year = "2008" }

@article{Kieffer05c,
 author = "H. H. Kieffer",
title="{Characterising ASTER response via a look at the Moon}",
 journal= "Trans. on Geoscience and Remote Sensing", 
 volume = "in. prep.",
 pages  = "--",
 year = "2005" }

@article{Ono96,
 author = "A. Ono and F. Sakuma and K. Arai and Y. Yamguchi and H. Fujisada and P. N. Slater and K. J. Thome and F. D. Palluconi and H. H. Kieffer",
 title = "{Preflight and In-Flight calibration plan for ASTER}",
 journal= "J. of Atmospheric and Oceanic Technology",  
 volume = "13", 
 number = "2", 
 pages  = "321--335",
 year = "1996"}

@INPROCEEDINGS{Pearlman00,
   author = {{Pearlman}, J. and {Segal}, C. and {Liao}, L. B. and {Carman}, S. L. and {Folkman}, M. A. and {Browne}, W. and {Ong}, L. and {Ungar}, S. G.},
    title = "{Development and operations of the EO-1 Hyperion Imaging Spectrometer}",
booktitle = {Earth Observing Systems V, SPIE Proceedings Volume 4135. Edited by William L. Barnes. Bellingham, WA: The International Society for Optical Engineering},
     year = 2000,
    month = nov,
    pages = {243-+}}

@article{Sakuma93,
 author = "F. Sakuma and A. Ono",
title="Radiometric calibration of the {EOS ASTER} instrument",
 journal= "Metrologia", 
 volume = "30",
 pages  = "231--241",
 year = "1993" }

@INPROCEEDINGS{Sakuma03,
 author = "F. Sakuma and A. Ono and M. Kudoh and H. Inada and S. Akagi and H. Ohame",
    title = "{ASTER} on-board calibration status",
booktitle = "Proceedings of the SPIE, Volume 4881",
     year = "2003",
    pages = "407--418"}

@INPROCEEDINGS{Schmugge03,
   author = {{Schmugge}, T. J. and {Abrams}, M. J. and {Kahle}, A. B. and {Yamaguchi}, Y. and {Fujisada}, H.},
    title = "{Advanced Spaceborne Thermal Emission and Reflection Radiometer (ASTER)}",
booktitle = {Proceedings of the SPIE, Volume 4879,Remote Sensing for Agriculture, Ecosystems, and Hydrology IV.  Edited by M. Owe and G. D'Urso; Toulios, Leonidas},
     year = 2003,
    month = mar,
    pages = "1--12"}

@article{Slater95,
   author = {P.N. Slater and K.J. Thome and  Kohei Arai and Hiroyuki Fujisada and H.H. Kieffer  and  Akira Ono  and Fumihiro Sakuma and  F.D. Palluconi  and Yasushi Yamaguchi},
    title = "{Radiometric Calibration of ASTER Data}",
 journal =  "J. Remote Sensing Soc. of Japan",
 volume = "15",
 pages = "108--115",
 year = "1999"}


@INPROCEEDINGS{Teillet04,
   author = {{Teillet}, P. M. and {Fedosejevs}, G. and {Thome}, K. J.},
    title = "{Spectral band difference effects on radiometric cross-calibration between multiple satellite sensors in the Landsat solar-reflective spectral domain}",
booktitle = {Remote Sensing of the Ocean and Sea Ice 2004.  Edited by Bostater, Charles R., Jr.; Santoleri, Rosalia.  Proceedings of the SPIE, Volume 5570, pp. 307-316 (2004).},
     year = 2004,
    month = nov,
    pages = {307-316}}

@INPROCEEDINGS{Thome96,
   author = {{Thome}, K. J. and {Gustafson-Bold}, C. L. and {Slater}, P. N. and 
	{Farrand}, W. H.},
    title = "{In-flight radiometric calibration of HYDICE using a reflectance-based approach}",
booktitle = {Proc. SPIE Vol. 2821, Hyperspectral Remote Sensing and Applications, Sylvia S. Shen; Ed.},
     year = 1996,
    month = nov,
    pages = {311-319}}

@article{Thome99,
   author = "K. Thome and K. Arai",
    title = "{ASTER} preflight and in-flight calibration and validation of level 2 products",
 journal= "Trans. on Geoscience and Remote Sensing",  
 volume = "36", 
 pages  = "4",
 year   = "1999"} 

@INPROCEEDINGS{Thome04,
   author = {{Thome}, K. J. and {Biggar}, S. F. and {Choi}, H. J.},
    title = "{Vicarious calibration of Terra ASTER, MISR, and MODIS}",
booktitle = {Proc. SPIE, Vol. 5542. Penetrating Radiation Systems and Applications VI. F.P. Doty, R.C. Schirato, H.B. Barber,  H. Roehrig Eds. },
     year = 2004,
    month = oct,
    pages = {290-299}}

@INPROCEEDINGS{Tonooka04,
   author = {{Tonooka}, H. and {Iwasaki}, A.},
    title = "{Improvement of ASTER/SWIR crosstalk correction}",
booktitle = { Proc. SPIE, Vol. 5234. Sensors, Systems, and Next-Generation Satellites VII.  R. Meynart, S.P. Neeck, H. Shimoda, J. Lurie, M.L. Aten, Eds.},
     year = 2004,
    month = feb,
    pages = {168-179}}

@INPROCEEDINGS{Tonooka04b,
   author = "H. Tonooka and F. Sakuma and M. Kudoh and K.Iwafune",
   title = "{ASTER/TIR} onboard calibration status and user-based recalibration",
booktitle = { Proc. SPIE, Vol. 5234. Sensors, Systems, and Next-Generation Satellites VII.},
     year = 2004,
    month = feb,
    pages = "191-201" }

@article{Tonooka05,
 author = "H. Tonooka and F. Palluconi and S. Hook and T. Matsunaga",
 title  = "Vicarious calibration of {ASTER} thermal infrared bands",
 journal= "IEEE Transactions on Geoscience and Remote Sensing",  
 volume = "submitted", 
 pages  = "xx--xx",
 year   = "2005" }

@misc{Tsuchida04,
 author = "S. Tsuchida and H. Sakuma and A. Iwasaki",
 title = "{Equations for ASTER radiometric calibration ver.0.20}",
 note= "http://staff.aist.go.jp/s.tsuchida/aster/cal/info/equation/",  
 year = "2004" }

@INPROCEEDINGS{Yamaguchi93,
   author = {{Yamaguchi}, Y. and {Tsu}, H. and {Fujisada}, H.},
    title = "{Scientific basis of ASTER instrument design}",
booktitle = {Proc. SPIE Vol. 1939},
     year = 1993,
    month = aug,
    pages = {150-160}}

@ARTICLE{Yamaguchi01,
   author = {{Yamaguchi}, Y. and {Fujisada}, H. and {Tsu}, H. and {Sato}, I. and {Watanabe}, H. and {Kato}, M. and {Kudoh}, M. and {Kahle}, A. B. and {Pniel}, M.},
    title = "{ASTER early image evaluation}",
  journal = {Advances in Space Research},
     year = 2001,
   volume = 28,
    pages = {69-76}}

%======== Photometric functions  may be asteroids===============================

@ARTICLE{Besse13,
   author = {{Besse}, S. and {Yokota}, Y. and {Boardman}, J. and {Green}, R. and 
	{Haruyama}, J. and {Isaacson}, P. and {Mall}, U. and {Matsunaga}, T. and 
	{Ohtake}, M. and {Pieters}, C. and {Staid}, M. and {Sunshine}, J. and 
	{Yamamoto}, S.},
    title = "{One Moon, many measurements 2: Photometric corrections}",
  journal = {Icarus},
     year = 2013,
    month = sep,
   volume = 226,
    pages = {127-139},
      doi = {10.1016/j.icarus.2013.05.009}}

@ARTICLE{Besse13a,
   author = {{Besse}, S. and {Sunshine}, J. and {Staid}, M. and {Boardman}, J. 
and {Pieters}, C. and {Guasqui}, P. and {Malaret}, E. and {McLaughlin}, S. 
and {Yokota}, Y. and {Li}, J.-Y.},
    title = "{A visible and near-infrared photometric correction for Moon Mineralogy Mapper (M$^3$)}",
  journal = {Icarus},
     year = 2013,
    month = jan,
   volume = 222,
    pages = {229-242},
      doi = {10.1016/j.icarus.2012.10.036}}

@ARTICLE{Birkebak70,
   author = "R.C. Birkebak and C.J. Cremers and J.P. Dawson",
    title = "Directional spectral and total reflectance of lunar material",
  journal = {Proc. Apollo 11  Lunar Sci. Conf.},
   volume = 3,
    pages = {1993-2000},
     year = 1970}

@inproceedings{Birkebak74,
   author = "R.C. Birkebak",
title ="{Thermophysical properties of lunar materials from the Apollo missions}", 
booktitle = "{Advances in Heat Transfer (T.F. Irvine, Jr., and J.P. Harnet, Eds.)}",
   volume = 10,
    pages = {1-37},
     year =1974}

@ARTICLE{Buratti11,
   author = {{Buratti}, B. J. and {Hicks}, M. D. and {Nettles}, J. and 
{Staid}, M. and {Pieters}, C. M. and {Sunshine}, J. and {Boardman}, J. 
and {Stone}, T. C.},
    title = "{A wavelength-dependent visible and infrared spectrophotometric function for the Moon based on ROLO data}",
  journal = {J. Geophs. Res. (Planets)},
     year = 2011,
    month = apr,
   volume = 116,
      eid = {E00G03},
    pages = {E00G03},
      doi = {10.1029/2010JE003724} }

@ARTICLE{Clark11,
   author = {R. N. Clark and C. M. Pieters and R. O. Green and J. W. Boardman
   and N. E. Petro },
    title = "{Thermal removal from near‐infrared imaging spectroscopy data
of the Moon}",
  journal = {J. Geophs. Res. (Planets)},
     year = 2011,
   volume = 116,
    pages = {E00G16},
      doi = {10.1029/2010JE003751} }

@ARTICLE{Green11,
   author = {{Green}, R. O. and {Pieters}, C. and {Mouroulis}, P. and 
{Eastwood}, M. and {Boardman}, J. and others },
    title = "{The Moon Mineralogy Mapper (M$^{3}$) imaging spectrometer for lunar science: Instrument description, calibration, on-orbit measurements, science data calibration and on-orbit validation}",
  journal = {J. Geophys. Res. (Planets)},
     year = 2011,
    month = oct,
   volume = 116,
      eid = {E00G19},
    pages = {E00G19},
      doi = {10.1029/2011JE003797}}

@ARTICLE{Korokhin05,
       author = {{Korokhin}, V.~V. and {Velikodsky}, Yu. I.},
        title = "{Parameters of the positive polarization maximum of the Moon: Mapping}",
      journal = {Solar System Research},
         year = 2005,
        month = Jan,
       volume = {39},
        pages = {45-53},
          doi = {10.1007/s11208-005-0004-7}}

@ARTICLE{Korokhin07,
author="V.V. Korokhin and  Yu.I. Velikodsky and  Yu.G. Shkuratov and U. Mall",
title="The Phase Dependence of Brightness and Color of the Lunar
Surface: a Study Based on Integral Photometric Data",
journal="Solar System Res.",
volume=41,
pages="19-27",
year=2007}


@ARTICLE{Kramer11,
author = {{Kramer}, G. Y. and {Besse}, S. and {Nettles}, J. and {Combe}, J.-P.
 and {Clark}, R. N. and {Pieters}, C. M. and {Staid}, M. and {Malaret}, E. and 
{Boardman}, J. and {Green}, R. O. and {Head}, III, J. W. and {McCord}, T. B.},
    title = "{Newer views of the Moon: Comparing spectra from Clementine and the Moon Mineralogy Mapper}",
  journal = {J. Geophs. Res.(Planets)},
     year = 2011,
    month = apr,
   volume = 116,
      eid = {E00G04},
    pages = {E00G04},
      doi = {10.1029/2010JE003728}}

@ARTICLE{Ohtake13,
   author = {{Ohtake}, M. and {Pieters}, C. M. and {Isaacson}, P. and {Besse}, S.
 and {Yokota}, Y. and {Matsunaga}, T. and {Boardman}, J. and {Yamomoto}, S. and 
	{Haruyama}, J. and {Staid}, M. and {Mall}, U. and {Green}, R. O.},
    title = "{One Moon, Many Measurements 3: Spectral reflectance}",
  journal = {Icarus},
     year = 2013,
    month = sep,
   volume = 226,
    pages = {364-374},
      doi = {10.1016/j.icarus.2013.05.010},
   adsurl = {http://adsabs.harvard.edu/abs/2013Icar..226..364O}}

@ARTICLE{Pieters13,
   author = {{Pieters}, C. M. and {Boardman}, J. W. and {Ohtake}, M. and 
	{Matsunaga}, T. and {Haruyama}, J. and {Green}, R. O. and {Mall}, U. and 
{Staid}, M. I. and {Isaacson}, P. J. and {Yokota}, Y. and {Yamamoto}, S. and 
	{Besse}, S. and {Sunshine}, J. M.},
    title = "{One Moon, many measurements 1: Radiance values}",
  journal = {Icarus},
     year = 2013,
    month = sep,
   volume = 226,
    pages = {951-963},
      doi = {10.1016/j.icarus.2013.07.008}}

@ARTICLE{Takir15,
   author = {{Takir}, D. and {Clark}, B. E. and {Drouet d'Aubigny}, C. and
 {Hergenrother}, C. W. and {Li}, J.-Y. and {Lauretta}, D. S. and {Binzel}, R. P.},
    title = "{Photometric models of disk-integrated observations of the OSIRIS-REx target Asteroid (101955) Bennu}",
  journal = {Icarus},
 keywords = {Photometry, Asteroids, Near-Earth objects},
     year = 2015,
    month = may,
   volume = 252,
    pages = {393-399},
      doi = {10.1016/j.icarus.2015.02.006} }

@ARTICLE{Velikodsky11,
   author = {{Velikodsky}, Y.~I. and {Opanasenko}, N.~V. and {Akimov}, L.~A. and 
	{Korokhin}, V.~V. and {Shkuratov}, Y.~G. and {Kaydash}, V.~G. and 
	{Videen}, G. and {Ehgamberdiev}, S.~A. and {Berdalieva}, N.~E.	},
    title = "{New Earth-based absolute photometry of the Moon}",
  journal = {Icarus},
     year = 2011,
    month = jul,
   volume = 214,
    pages = {30-45},
      doi = {10.1016/j.icarus.2011.04.021} }

@ARTICLE{Velikodsky16,
   author = {{Velikodsky}, Y.~I. and {Korokhin}, V.~V. and {Shkuratov}, Y.~G. and {Kaydash}, V.~G. and {Videen}, G.},
    title = "{Opposition effect of the Moon from LROC WAC data}",
  journal = {Icarus},
     year = 2016,
    month = sep,
   volume = 275,
    pages = {1-15},
      doi = {10.1016/j.icarus.2016.04.005} }
                                   
%== other =====================================================================

@book{Abram64,
 author = "M.~Abramowitz and I.A.~Stegun",
 title  = "{Handbook of mathematical functions}",
 publisher= "Dover", 
 address= "New York",
 note = "1043 pp.",
 year   = "1964" } 

@article{KiefHY96,
 author = "H. H. Kieffer",
 title  = "Detection and Correction of bad pixels in hyperspectral sensors",
 journal= "Proc. SPIE", 
 volume = "2821",
 pages  = "93--108", 
 year = "1996" }

@INPROCEEDINGS{Shetler96,
   author = {{Shetler}, B. V. and {Kieffer}, H. H.},
    title = "{Characterization and reduction of stochastic and periodic anomalies in a hyperspectral imaging sensor system}",
booktitle = {Proc. SPIE Vol. 2821, Hyperspectral Remote Sensing and Applications},
     year = 1996,
   volume = 2821,
    pages = {109-126}}

@misc{Menden02,
 author = "J. A. Mendenhall and  C. F. Bruce and C. J. Digenis and D. R. Hearn
 and  D. E. Lencioni",
 title = "{EO}-1 Advanced Land Imager Technology Validation Report",
 howpublished ="MIT Lincoln Lab. Project Report EO-1-9",
 month = "June 4", 
 pages = "237 pp.",
 year  = "2002"  }

@INPROCEEDINGS{Menden03,
   author = {{Mendenhall}, J. A. and {Hearn}, D. R. and {Lencioni}, D. E. and 
	{Digenis}, C. J. and {Ong}, L.},
    title = "{Summary of the EO-1 ALI performance during the first 2.5 years on-orbit}",
booktitle = {Earth Observing Systems VIII.  Edited by Barnes, William L., Proceedings of the SPIE, Volume 5151},
     year = 2003,
    month = nov,
    pages = {574-585} }
 
@book{NumRec,
 author = "W.H. Press and S.A. Teukolsky and W.T. Vetterling and B.P. Flannery",
 title  = "{Numerical Recipes in FORTRAN, 2nd Ed.}",
 publisher= "Cambridge Univ. Press", 
 address= "",
 note = "963 pp.",
 year   = "1992" } 


@ARTICLE{Gleyzes12,
   author = {{Gleyzes}, M.~A. and {Perret}, L. and {Kubik}, P.},
    title = "{Pleiades System Architecture and Main Performances}",
  journal = {ISPRS - International Archives of the Photogrammetry, Remote Sensing and Spatial Information Sciences},
     year = 2012,
    month = jul,
    pages = {537-542},
      doi = {10.5194/isprsarchives-XXXIX-B1-537-2012} }

@book{Kost97,
 author = "H. J. Kostkowski",
 title  = "{Reliable Spectroradiometry}",
 publisher= "Spectroradiometry Consulting", 
 address= "La Plata, MD",
 note = "609 pp.",
 year   = "1997" } 
 % ISBN 0-96577130-0-X  Lib. Cong 97-91743 phone  301-934-6364

@ARTICLE{Yoon05,
   author = {{Yoon}, H. W. and {Allen}, D. W. and {Saunders}, R. D.},
    title = "{Methods to reduce the size-of-source effect in radiometers}",
  journal = {Metrologia},
     year = 2005,
    month = apr,
   volume = 42,
    pages = {89-96},
      doi = {10.1088/0026-1394/42/2/003}}eved 1 abstracts, starting with number 1.  Total number selected: 1.

@ARTICLE{Saunders09,
   author = {{Saunders}, P. and {Edgar}, H.},
    title = "{On the characterization and correction of the size-of-source effect in radiation thermometers}",
  journal = {Metrologia},
     year = 2009,
    month = feb,
   volume = 46,
    pages = {62-74},
      doi = {10.1088/0026-1394/46/1/008}}

%== Moon =====================================================================

@ARTICLE{Akimov88,
   author = {{Akimov}, L. A.},
    title = "{Light reflection by the moon.}",
  journal = {Kinematika i Fizika Nebesnykh Tel},
     year = 1988,
    month = feb,
   volume = 4,
    pages = {3-10} }
% also pages= 10-16

@inproceedings{Anderson99b,
 author = "J. M. Anderson and H. H. Kieffer",
 title = "{Photometric Imaging of the Moon from the Robotic Lunar Observatory}",
 booktitle = {Workshop on New Views of the Moon II: Understanding the Moon through the integration of diverse datasets. LPI Contrib. 980},
 publisher = "Lunar and Planetray Institute",
 address = "Houston",
 pages = "2--24",
 year = "1999"}

@article{AnderBeck99,
 author = "J. M. Anderson and K. J. Becker and H. H. Kieffer and  D. N. Dodd",
 title = "{Real-time control of the Robotic Lunar Observatory telescope}",
 journal = "Pub. Astronomical Soc. Pacific",
 month = "jun",
 volume = "111",
 pages = "737--749",
 year = "1999"}

@article{Anderson00, 
 author = "J. M. Anderson and H. Kieffer and K. Becker",
 title  = "Modeling the brightness of the {M}oon over 350-2500 nm for spacecraft calibrations",
 journal= "Proc. SPIE", 
 volume = "4169",
 pages  = "248--259", 
 year = "2000" }

@article{Antikidis79, 
 author = "J. P. Antikidis and M. Reynolds",
 title  = "In-orbit Calibration of {M}eteosat and its Possible Extension to Other Applications and Fields",
 journal= "ESA Journal",  
 volume = "3", 
 number = "2",
 pages  = "115--121", 
 year   = "1979" }

@TechReport{Archinal06,
 author = "B. A. Archinal and M. R. Rosiek and  R. L. Kirk and B. L. Redding",
 title  = {The Unified Lunar Control Network 2005},
 INSTITUTION = {U.S. Geological Survey},
 journal= {U.S. Geological Survey Open-file Report},
 number= "2006-1367",
 address={http://pubs.usgs.gov/of/2006/1367/}, 
 year   = "2006" }

@inproceedings{Atkins99,
 author = "W. Atkins and  S. Bender and W. Christensen and W. Clodius and C. Little and R. Kay and  D. Bridenstine",
 title = "Calibration of an IR Imaging Sensor: Part 2, Experience and On-orbit Results",
 booktitle= "Conference on Characterization and Radiometric Calibration for Remote Sensing, SDL/USU",
 volume = "Logan, Utah, Sept. 19-21", 
 pages  = " ",
 year = "2000" }

@ARTICLE{Bandfield15,
   author = {{Bandfield}, J. L. and {Hayne}, P. O. and {Williams}, J.-P. and 
	{Greenhagen}, B. T. and {Paige}, D. A.},
    title = "{Lunar surface roughness derived from LRO Diviner Radiometer observations}",
  journal = {Icarus},
     year = 2015,
    month = mar,
   volume = 248,
    pages = {357-372},
      doi = {10.1016/j.icarus.2014.11.009}}

@article{Barnes93,
 author = "R. A. Barnes and A. W. Holmes",
 title = "Overview of the {SeaWiFS} ocean sensor",
 journal= "Proc. SPIE",
 volume = "1939",
 pages  = "224--232",  
 year = "1993" }

@article{Barnes94,
 author = "R. A. Barnes and W. L. Barnes and  W. E. Esaias and C. R. McClain",
 title = "Prelaunch Acceptance Report for the {SeaWiFS} Radiometer",
 journal= "NASA Tech. Mem. 104566",
 volume = "22",
 pages  = "32 pp.",  
 year = "1994" }
% editors=' S. B. Hooker and  E. R. Firestone, and J. G. Acker'
% NASA Goddard Space Flight Center, Greenbelt, Md

@article{Barnes95,
 author = "R. A. Barnes and A.W. Holmes and W.E. Esaias",
 title = " Stray light in the {SeaWiFS} radiometer",
 journal= "NASA Tech. Mem. 104566", 
 volume = "31",
 pages  = "1--76", 
 year = "1995" }

@article{Barnes98,
 author = "R. A. Barnes and R. E. {Eplee Jr.} and F. S. Patt",
 title = "{SeaWiFS} Measurements of the {M}oon",
 journal= "Proc. SPIE", 
 volume = "3498",
 pages  = "311--324", 
 year = "1998" }

@article{Barnes99,
 author = "R. A. Barnes and R. E. {Eplee Jr.} and F. S. Patt and C. R. McClain",
 title = " Changes in the radiometric response of {SeaWiFS} determined from lunar and solar-based measurements",
 journal= "Applied Optics", 
 volume = "38",
 pages  = "4649--4664", 
 year = "1999" }


@article{Barnmc99,
 author = "R. A. Barnes and  C. R. McClain",
 title = "The calibration of {SeaWiFS} after two years on-orbit",
 journal= "Proc. SPIE", 
 volume = "3870",
 pages  = "214-227", 
 year = "1999" }

@inproceedings{Barnes00,
 author = "R. A. Barnes and R. E. {Eplee Jr.} and W. D. Robinson and G. M. Schmidt and F. S. Patt and S. W. Bailey and M. Wang and C. R. McClain",
 title = "The calibration of {SeaWiFS}",
 booktitle= "Proc. CalCon2000", 
 volume = "xx",
 pages  = "xx", 
 year = "2000" }

@article{Barnes01,
 author = "R. A. Barnes and R. E. {Eplee Jr.} and G. M. Schmidt and F. S. Patt and C. R. McClain",
 title = "The calibration of {SeaWiFS}. Part 1: Direct Techniques",
 journal= "Applied Optics", 
 volume = "40",
 pages  = "6682--6700", 
 year = "2001" }

@article{Barnes04,
 author = "R. A. Barnes and R. E. {Eplee Jr.} and F. S. Patt and H. H. Kieffer and T. C. Stone and G. Meister and J. J. Butler and C. R. McClain",
 title = "Comparison of {SeaWiFS} measurements of the {M}oon with the {US} {G}eological {S}urvey lunar model",
 journal= "Applied Optics",
 volume = "43",
 pages  = "5838--5854",  
 year = "2004" } 

@ARTICLE{Bellucci,
 author = {{Bellucci}, G.},
 title = "Spectral diversity and compositional implications of Montes Haemus and Serenitatis/Tranquillitatis region on the Moon from imaging spectroscopy data",
 journal = "Planet. Space Sci.",
 year = 1998,
 month = may,
 volume = 46,
 pages = {479--490}}

@misc{Bender99,
 author = "S. Bender and  W. Atkins and  W. Christensen and  C. Little and  E. Riddle",
 title = "{Multispectral Thermal Imager calibration}",
 howpublished= "MTI Symposium, Kirtland AFB",  
 month = "March 12-13", 
 pages  = "",
 year = "2001" }

@techreport{Berk89,
 author = "A. Berk and L. S. Bernstein and D. C.  Robertson",
 title  = "{MODTRAN:} A Moderate Resolution Model for {LOWTRAN} 7",
 number= "GL-TR-89-0122",
 institution="Geophysics Directorate, Phillips Laboratory",
 address = "Hanscom AFB, MA 01731",
 year   = "1989" }

@article{Biggar93,
 author = "S. F. Biggar and P. N. Slater",
 title  = "Preflight Cross-calibration Radiometer for {EOS} {AM-1} Platform Visible and Near-{IR} Sources",
 booktitle = "Sensor Systems for the Early {E}arth Observing System Platforms",
 editor = "W. L. Barnes",
 journal= "Proc. SPIE", 
 volume = "1939",
 pages  = "243--249", 
 year   = "1993" }

@ARTICLE{Blewett05,
   author = {{Blewett}, D. T. and {Hawke}, B. R. and {Lucey}, P. G.},
    title = "{Lunar optical maturity investigations: A possible recent impact crater and a magnetic anomaly}",
  journal = {Journal of Geophysical Research (Planets)},
     year = 2005,
    month = apr,
   volume = 110,
   number = "E9",
    pages = {4015-+},
      doi = {10.1029/2004JE002380}}

@ARTICLE{Boardman11,
   author = {{Boardman}, J.~W. and {Pieters}, C.~M. and {Green}, R.~O. and 
{Lundeen}, S.~R. and {Varanasi}, P. and {Nettles}, J. and {Petro}, N. and 
{Isaacson}, P. and {Besse}, S. and {Taylor}, L.~A.},
    title = "{Measuring moonlight: An overview of the spatial properties, lunar coverage, selenolocation, and related Level 1B products of the Moon Mineralogy Mapper}",
  journal = {J. Geophys. Res. (Planets)},
     year = 2011,
    month = jun,
   volume = 116,
      eid = {E00G14},
    pages = {E00G14},
      doi = {10.1029/2010JE003730}}

@article{Brown00,
 author = "S. W. Brown and G. P. Eppeldauer and K. R. Lykke",
 title = "{NIST} facility for spectral irradiance and radiance responsivity calibrations with uniform sources",
 journal = "Metrologia",
 volume = 37,
 pages = "579",
 year = 2000}

@article{Brown17,
 author = "S. W. Brown and R.E. Eplee, Jr and X. Xiong",
 title = "{SI-Traceable top-of-the-atmosphere lunar irradiance:
potential tie-points to the output of the ROLO model}",
 journal = "Proc. SPIE",
 volume = 0000,
 pages = "0000",
 year = 2017}

@article{Bruegge96,
 author = "C. J. Bruegge and D. J. Diner and V. G. Duval",
 title = "The {MISR} calibration program",
 journal= "J. Atmos. Oceanic Technol.",  
 volume = "13", 
 pages  = "286--299",
 year = "1996"}

@ARTICLE{Buratti96,
   author = {{Buratti}, B. J. and {Hillier}, J. K. and {Wang}, M.},
    title = "{The Lunar Opposition Surge: Observations by Clementine}",
  journal = {Icarus},
     year = 1996,
    month = dec,
   volume = 124,
    pages = {490-499},
      doi = {10.1006/icar.1996.0225} }

@INPROCEEDINGS{Butler04,
author ={{Butler}, J. J. and {Meister}, G. and {Patt}, F. S. and {Barnes}, R. A.},
    title = "{Use of the {M}oon as a reference for satellite-based climate change measurements}",
booktitle = {Proceedings of the SPIE},
     year = 2004,
     volume = 5570,
   editor = {{Meynart}, R. and {Neeck}, S. P. and {Shimoda}, H.},
    month = nov,
    pages = {328-341},
      doi = {10.1117/12.565058}}

@INPROCEEDINGS{Butler07,
   author = {{Butler}, J. J. and {Johnson}, B. C. and {Rice}, J. P. and {Brown}, S. W. and {Barnes}, R. A.},
    title = "{Validation of radiometric standards for the laboratory calibration of reflected-solar Earth-observing satellite instruments}",
booktitle = {Proceedings of the SPIE},
     year = 2007,
     volume = 6677,
    month = oct,
 pages = "667707",
      doi = {10.1117/12.733922}}

@article{Clodius99,
 author = {W.B.Clodius and S.C. Bender and {Kay}, R. R. and {Smith}, B. W. and {Atkins}, W. H. and {Christensen}, R. W. and {Little}, C. K. and {Zalewski}, E. F. and {Rappoport}, W. M.},
 title = "{MTI} On-Orbit calibration",
 journal= "Proc. SPIE",  
 volume = "3753", 
 pages  = "380--391",
 year = "1999" }

@ARTICLE{Cloutis,
 author = {{Cloutis}, E.\ A. and {Gaffey}, M.\ J.},
 title = "Lunar regolith analogues - Spectral reflectance properties of compositional variations",
 journal = {Icarus},
 year = 1993,
 month = apr,
 volume = 102,
 pages = {203--224}}

@ARTICLE{Cramer13,
 author = {C.E.~Cramer and K.R.~Lykke and J.T.~Woodward and A.W.~Smith},
 title = "Precise Measurement of Lunar Spectral Irradiance at Visible Wavelengths",
 journal = "J. Res. Nat. Inst. Standards and Tech.",
 year = 2013,
 month = oct,
 volume = 118,
 doi = {http:/dx.doi.org/10.6028/jres.118.020} }

@book{Cox99,
 author = "A. N. Cox",
 title  = "{Allen's Astrophysical Quantities}",
 publisher= "Springer-Verlag", 
 address= "New York", 
 note = "719 pp.",
 year   = "1999" }

@INPROCEEDINGS{Dashevsky,
 author = {{Dashevsky}, I. and {Caldwell}, J. and {Kim}, S.\ J.},
 title = "HST's First Lunar Spectra",
 booktitle = {AAS/Division of Planetary Sciences Meeting},
 year = 1999,
 month = sep,
 volume = 31,
 pages = {1810+} }

@article{Davies89,
 author = "M. E. Davies and V. K. Abalkin and M. Bursa and G. E. Hunt and J. H. Lieske and B. Morando and R. H. Rapp and P. K. Seidelmann and A. T. Sinclair and Y. S. Tjuflin",
 title  = "Report of the {IAU/IAG/COSPAR} Working Group on Cartographic Coordinates and Rotational Elements of the Planets and Satellites: 1989",
 journal= "Celest. Mech. Dyn. Astron.",  
 volume = "46", 
 pages  = "187--204", 
 year   = "1989" }

@article{Davies92,
 author = "M. E. Davies and V. K. Abalkin and A. Brahic and M. Bursa and B. H. Chovitz and J. H. Lieske and P. K. Seidelmann and A. T. Sinclair and Y. S. Tjuflin",
 title  = "Report of the {IAU/IAG/COSPAR} Working Group on Cartographic Coordinates and Rotational Elements of the Planets and Satellites: 1991",
 journal= "Celestial Mechanics and Dynamical Astronomy", 
 volume = "53", 
 pages  = "377-397", 
 year   = "1992" }

@ARTICLE{Dobber98,
   author = {{Dobber}, M. R. and {Goede}, A. P. H. and {Burrows}, J. P.},
    title = "{Observations of the Moon by the Global Ozone Monitoring Experiment: Radiometric Calibration and Lunar Albedo}",
  journal = {Applied Optics.},
     year = 1998,
    month = nov,
   volume = 37,
    pages = {7832-7841}}

@inbook{Dollfus61,
 author = "A. Dollfus",
 title  = "Polarization studies of planets",
 booktitle= "Planets and Satellites, G. P. Kuiper and B. M. Middlehurst, Eds.", 
 publisher= "University of Chicago press",
 editor = "",
 pages  = "343--399",
 year   = "1961" }

@inbook{Dollfus62,
 author = "A. Dollfus",
 title  = "The Polarization of Moonlight",
 booktitle= "Physics and Astronomy of the Moon, Z. Kopal, Ed.", 
 publisher= "Academic Press, London",
 editor = "",
 pages  = "131--159",
 year   = "1962" }

@ARTICLE{Dollfus71,
    author = {{Dollfus}, A. and {Bowell}, E.},
    title = "{Polarimetric Properties of the Lunar Surface and its Interpretation. Part I. Telescopic Observations}",
    journal = {Astronomy and Astrophysics},
    year = 1971,
    month = jan,
    volume = 10,
    pages = {29-+} }

@ARTICLE{Dollfus98,
 author = "A. Dollfus",
 title  = "Lunar surface imaging polarimetry: {I}. Roughness and grain size",
 journal= "Icarus",  
 volume = "136",
 pages  = "69--103",
 year   = "1998" }

@ARTICLE{Eplee01,
    author = {{Eplee}, R. E. and {Robinson}, W. D. and {Bailey}, S. W. and {Clark}, D. K. and {Werdell}, P. J. and {Wang}, M. and {Barnes}, R. A. and {McClain}, C. R.},
    title = "{Calibration of SeaWiFS. II. Vicarious techniques}",
    journal = {Applied Optics},
    year = 2001,
    volume = 40,
    pages = {6701-6718} }

@article{Eplee02,
 author = "R. {Eplee Jr.} and R. A. Barnes and C. R. McClain",
 title = "{SeaWiFS} detector and gain calibrations:  Four years of on-orbit stability measurements",
 journal= "Proc. SPIE",  
 volume = "4814",
 pages  = "282--288",
 year = "2002"}

@article{Eplee06,
 author = "R. E. {Eplee Jr.} and S. W. Bailey and R. A. Barnes and
H. H. Kieffer and C. R. {McClain}",
 title  = "Comparison of {SeaWiFS} On-orbit {L}unar and Vicarious
Calibrations",
 journal= "Proc. SPIE",
 volume = "6296",
 pages  = "629610-1--7",
 year   = "2006" }

@INPROCEEDINGS{Evans02,
   author = {{Evans}, J. B. and {Digenis}, C. J. and {Gibbs}, M. D. and {Hearn}, D. R. and {Lencioni}, D. E. and {Mendenhall}, J. A. and {Welsh}, R. D.},
    title = "{On-orbit test results from the EO-1 Advanced Land Imager}",
booktitle = {Proc. SPIE Vol. 4483, p. 1-10, Earth Observing Systems VI, William L. Barnes; Ed.},
     year = 2002,
    month = jan,
    pages = {1-10}}

@article{Fabre96,
 author = "J. Fabergat and P. Reig",
 title  = "The absolute flux calibration of the /textit{uvby} photometric system",
 journal= "Astron. Soc. Pacific",  
 volume = "108", 
 pages  = "90-91",
 year   = "1996" }

@misc{GAnder00,
 author = "G. Anderson",
 title  = "{MODTRAN Users Guide}", 
 howpublished ="??",
 pages  = "?? pp.",
 year = "2000" }

@article{Gardner04,
 author = "J. L. Gardner",
 title  = "Uncertainty propagation for {NIST} visible spectral standards",
 journal= "J. Res. Natl. Inst. Stand. Technol.",
 volume = "109",
 number = "3", 
 pages  = "305-318",
 year   = "2004" }

@inproceedings{Gellman93, 
 author = "D. I. Gellman and S. F. Biggar and M. C. Dinguirard and P. J. Henry and M. S. Moran and K. J. Thome and P. N. Slater", 
 title  = "{Review of SPOT-1 and -2 calibrations at White Sands from launch to the present}", 
 booktitle= "Proc. SPIE. Recent Advances in Sensors, Radiometric Calibration, and Processing of Remotely Sensed Data. P. S. Chavez and R. A. Schowengerdt, Eds.",
 volume = "1938",
 pages  = "118--125", 
 year   = "1993" } 

@ARTICLE{Ginneken98,
author="B. van Ginneken and M. Stavridi and J.J. Koenderink",
title="Diffuse and specular reflectance from rough surfaces",
journal="Ap. Opt.",
volume=37,
pages="130-139",
year=1998}

@ARTICLE{Godden98,
   author = {{Godden}, G. D. and {McKay}, C. A.},
    title = "{Precise relative calibration of Earth-orbiting remote sensors, using the Moon}",
  journal = {Metrologia},
     year = 1998,
   volume = 35,
    pages = {649-+}}

@ARTICLE{Goguen10,
   author = {{Goguen}, J. D. and {Stone}, T. C. and {Kieffer}, H. H. and 
	{Buratti}, B. J.},
    title = "{A new look at photometry of the Moon}",
  journal = {Icarus},
     year = 2010,
    month = aug,
   volume = 208,
    pages = {548-557},
      doi = {10.1016/j.icarus.2010.03.025}}

@article{Grant98,
 author = "I. Grant and H. H. Kieffer and J. M. Anderson",
 title = "Lunar calibration of Geostationary visible-band images",
 journal= "Proc. SPIE", 
 volume = "3498",
 pages  = "337--347",
 year = "1998" }

@inproceedings{Grant01,
 author = "I. F. Grant and H. H. Kieffer and T. C. Stone and J. M. Anderson",
 title = "Lunar calibration of the {GMS}-5 visible band",
 booktitle = "Proceedings of the International Geophysics and Remote Sensing Symposium 2001",
 volume = "VI",
 pages = "2769--2771",
 publisher = "IEEE Publications",
 address = "Piscataway, NJ",
 year = "2001" }

@article{Grant04,
 author = "I. F. Grant  and T. C. Stone and H. H. Kieffer",
 title = "Radiometric characterisation of the {GMS}-5 visible band sensor using the {Moon} on operational images",
 journal= "unknown", 
 volume = "in. prep.", 
 pages  = "xx--xx",
 year = "2004" }

@article{Guenther96,
 author = " B. Guenther and W. Barnes and E. Knight and J. Barker and J. Harnden and R. Weber and M. Roberto and G. Godden and H. Montgomery and P. Abel",
 title = "{MODIS calibration:  A brief review of the strategy for the at-launch calibration}",
 journal= " J. Atmos. Ocean. Technol.",  
 volume = "13", 
 pages  = " 274--285",
 year = "1996" }


@article{Hapke1,
 author = "B. W. Hapke",
 title = "Bidirectional Reflectance Spectroscopy, 1. Theory",
 journal= "J. Geophys. Res.", 
 volume = "86",
 pages  = "3039--3054",
 year = "1981" }

@article{Hapke2,
 author = "B. W. Hapke and E. Wells",
 title = "Bidirectional Reflectance Spectroscopy, 2. Experiments and Observations",
 journal= "J. Geophys. Res.", 
 volume = "86",
 pages  = "3055-3060",
 year = "1981" }

@article{Hapke84,
author = "B. W. Hapke", 
title = "Bidirectional reflectance spectroscopy, 3. Correction for macroscopic roughness", 
journal= "Icarus", 
volume = "59",
 pages = "41--59", 
year = "1984", was="Hapke3 before 2016oct" }

@article{Hapke86,
 author = "B. W. Hapke",
 title = "Bidirectional Reflectance Spectroscopy, 4. The Extinction Coefficient and the Opposition Effect",
 journal= "Icarus", 
 volume = "67",
 pages  = "264--280",
 year = "1986" }
% above labeled Hapke4 before 2016oct

@book{Hapke93, 
 author = "B. W. Hapke",
 title  = "Theory of Reflectance and Emittance Spectroscopy",
 publisher= "Cambridge University Press", 
 address= "Cambridge", 
 note = "455 pp.",
 isbn="0-521-30789-9",
 year   = "1993" }

@article{Hapke00,
 author = "B. W. Hapke and R. Nelson and W. Smythe",
 title = "{The opposition effect on the Moon: coherent backscatter and shadow hiding}",
 journal= "Icarus", 
 volume = "133",
 pages  = "89--97",
 year = "2000" }

@ARTICLE{Hapke02,
   author = {Hapke, B.},
    title = "{Bidirectional Reflectance Spectroscopy 5. The Coherent Backscatter Opposition Effect and Anisotropic Scattering}",
  journal = {Icarus},
     year = 2002,
    month = jun,
   volume = 157,
 mynote= {once also contained Hapke5 for this entry},
    pages = {523-534} }



% once also contained Hapke5, for above entry

@ARTICLE{Hapke08,
   author = {Hapke, B.},
    title = "{Bidirectional Reflectance Spectroscopy: 6. Effects of porosity}",
  journal = {Icarus},
     year = 2008,
    month = jun,
   volume = 195,
    pages = {918-926}}

@book{Hapke12, 
 author = "B. W. Hapke",
 title  = "{Theory of Reflectance and Emittance Spectroscopy. 2nd ed}",
 publisher= "Cambridge University Press", 
 address= "Cambridge", 
 note = "508 pp.",
 isbn="978-0-521-88349-8",
 year   = "2012" }

@article{Hartman98,
 author = " B. Hartman and D. Domingue",
 title = "Scattering of light by individual particles and the implications for models of planetary surfaces",
 journal= "Icarus",  
 volume = "131", 
 pages  = "421--448",
 year = "1998"}
% above labeled Hartman before 2016oct

@article{Hayne18,
 author = "P.~O.~Hayne and J.~L.~Bandfield and M.~A.~Siegler and 11.~Others",
 title = "{Global regolith thermophysical properties of the Moon from
the Diviner Lunar Radiometer Experiment}",
 journal= "preprint",  
 volume = "777", 
 pages  = "77--77",
 year = "2018"}

@book{Heiken91, 
 editor = "G. H. Heiken and D. T. Vaniman and B. M. French",
 title  = "Lunar Sourcebook", 
 publisher= "Cambridge University Press", 
 address= "Cambridge", 
 year   = "1991" }
 
@article{Helfen87,
 author = "P.  Helfenstein and J.  Veverka",
 title  = "Photometric properties of lunar terrains derived from {H}apke's equation",
 journal= "Icarus",  
 volume = "72", 
 pages  = "342--357", 
 year   = "1987" }

@article{Helfen97,
 author = "P. Helfenstein and J. Veverka and J. Hillier",
 title = "The lunar opposition effect: a test of alternative models",
 journal= "Icarus",  
 volume = "128", 
 pages  = "2--14",
 year = "1997" }

@article{Helfen00,
 author = "P. Helfenstein and M. K. Shepard",
 title = "Submillimeter-scale topography of the lunar regolith",
 journal= "Icarus",  
 volume = "141", 
 pages  = "107--131",
 year = "1999"}

@article{Hillier97,
 author ="J. K. Hillier",
 title  = "Shadow-Hiding Opposition Surge for a Two-Layer Surface",
 journal= "Icarus",  
 volume = "128", 
 pages  = "15--27", 
 year   = "1997" }

@article{Hillier97b.,
 author = "J.K. Hillier",
 title = " Scattering of light by composite particles in a planetary surface",
 journal= "Icarus",  
 volume = "130", 
 pages  = "328--335",
 year = "1997"}

@article{Hillier99,
 author = "J.K. Hillier and B.J. Buratti and K. Hill",
 title = "Multispectral photometry of the {M}oon and absolute calibration of the Clementine UV/Vis camera",
 journal= "Icarus",  
 volume = "141", 
 pages  = "205--225",
 year = "1999"}

@ARTICLE{Hillier01,
   author = {{Hillier}, J. K. and {Buratti}, B. J.},
    title = "{Monte Carlo Simulations of Light Scattering by Composite Particles in a Planetary Surface}",
  journal = {Icarus},
     year = 2001,
    month = jan,
   volume = 149,
    pages = {251-261},
      doi = {10.1006/icar.2000.6500}}

@ARTICLE{Hillier11,
   author = {{Hillier}, J. K. and {Bauer}, J. M. and {Buratti}, B. J.},
    title = "{Photometric modeling of Asteroid 5535 Annefrank from Stardust observations}",
  journal = {Icarus},
     year = 2011,
    month = jan,
   volume = 211,
    pages = {546-552},
      doi = {10.1016/j.icarus.2010.10.009}}

@ARTICLE{Hinrichs02,
   author = {{Hinrichs}, J. L. and {Lucey}, P. G.},
    title = "{Temperature-Dependent Near-Infrared Spectral Properties of Minerals, Meteorites, and Lunar Soil}",
  journal = {Icarus},
     year = 2002,
    month = jan,
   volume = 155,
    pages = {169-180},
      doi = {10.1006/icar.2001.6754}}

@article{Hooker92,
 author = "S. B. Hooker and W. E. Esaias and G. C. Feldman and W. W. Gregg and C. R. McClain",
 title  = "An overview of {SeaWiFS} and ocean color",
 journal= "NASA Tech. Mem. 104566",  
 volume = "1", 
 pages  = "1--24",
 year   = "1992" }

@ARTICLE{Isaacson13,
   author = {{Isaacson}, P.~J. and {Petro}, N.~E. and {Pieters}, C.~M. and 
{Besse}, S. and {Boardman}, J.~W. and {Clark}, R.~N. and {Green}, R.~O. and 
{Lundeen}, S. and {Malaret}, E. and {McLaughlin}, S. and {Sunshine}, J.~M. and 
	{Taylor}, L.~A.},
    title = "{Development, importance, and effect of a ground truth correction for the Moon Mineralogy Mapper reflectance data set}",
  journal = {J. Geophys. Res. (Planets)},
     year = 2013,
   volume = 118,
    pages = {369-381},
      doi = {10.1002/jgre.20048}}

@inproceedings{Isbell97,
 author = "C. E. Isbell and E. M. Eliason and T. Becker and E. M. Lee and A. McEwen and M. Robinson",
 title  = "The {C}lementine Mission: An Archive of a Digital Image Model of the {M}oon",
 booktitle= "28th Annual Lunar and Planetary Science Conference",
 volume = "28",
 pages = "623--624", 
 year   = "1997" } 

@ARTICLE{Jaumann91,
 author = {{Jaumann}, R.},
 title = "Spectral-chemical analysis of lunar surface materials",
 journal = {J. Geophys. Res.},
 year = 1991,
 month = dec,
 volume = 96,
 pages = {22793+}}

@ARTICLE{Johnson,
 author = {{Johnson}, P.\ E. and {Vogler}, K.\ J. and {Gardner}, J.\ P. },
 title = "The effect of surface roughness on lunar thermal emission spectra",
 journal = {J. Geophys. Res.},
 year = 1993,
 month = nov,
 volume = 98,
 pages = {20825+} }

@misc{Jupp01,
 author = "D. Jupp",
 title  = "Calibration of {H}yperion using {L}ake {F}rome",
 note="Personal comm.",
 year   = "2001" }

@ARTICLE{Kaidash09,
author="V.G. Kaidash and S.Yu. Gerasimenko and Yu.G. Shkuratov 
and N.V. Opanasenko and Yu.I. Velikodskii and V.V. Korokhin",
title="Photometric Function Variations Observed on the Near Side
of the {M}oon: Mapping",
journal="Solar System Research",
volume=43,
pages="89-99",
year=2009}

@ARTICLE{Kaydash09,
   author = {{Kaydash}, V. and {Kreslavsky}, M. and {Shkuratov}, Y. 
and {Gerasimenko}, S. and {Pinet}, P. and {Josset}, {J.-L.} 
and {Beauvivre}, S. and {Foing}, B. and {AMIE SMART-1 Team}},
    title = "{Photometric anomalies of the lunar surface studied with SMART-1 AMIE data}",
  journal = {Icarus},
     year = 2009,
    month = aug,
   volume = 202,
    pages = {393-413},
      doi = {10.1016/j.icarus.2009.03.018}}

@ARTICLE{Keihm84,
   author = {{Keihm}, S. J.},
    title = "{Interpretation of the lunar microwave brightness temperature spectrum - Feasibility of orbital heat flow mapping}",
  journal = {Icarus},
     year = 1984,
    month = dec,
   volume = 60,
    pages = {568-589},
      doi = {10.1016/0019-1035(84)90165-9}}

@article{Kieffer85, 
 author = "H. H. Kieffer and R. L. Wildey",
 title  = "Absolute Calibration of {L}andsat Instruments Using the {M}oon",
 journal= "Photogramm. Eng. Remote Sens.",  
 volume = "51", 
 pages  = "1391--1393", 
 year   = "1985" }

@article{Kieffer94, 
 author = "H. Kieffer and R. Wildey",
 title  = "Use of the {M}oon for calibration",
 journal= "{CEOS CAL/VAL newsletter}",  
 volume = "4", 
 pages  = "7--9", 
 year   = "1994" }

@article{Kieffer96, 
 author = "H. H. Kieffer and R. L. Wildey",
 title  = "Establishing the {M}oon as a Spectral Radiance Standard",
 journal= "J. of Atmospheric and Oceanic Technology",  
 volume = "13", 
 number = "2",
 pages  = "360--375", 
 year   = "1996" } 

@article{Kieffer97, 
 author = "H. H. Kieffer",
 title  = "Photometric Stability of the Lunar Surface",
 journal= "Icarus",  
 volume = "130", 
 pages  = "323--327", 
 year   = "1997" }

@article{Kieffer98a,
 author = "H. H. Kieffer and J. A. Anderson",
 title  = "Use of the {M}oon for spacecraft calibration over 350--2500 nm",
 journal= "Proc. SPIE", 
 volume = "3498",
 pages  = "325--335",
 year   = "1998" }

@article{Kieffer99,
 author = "H. H. Kieffer and J. M. Anderson and K. J. Becker",
 title = "Radiometric calibration of spacecraft using small lunar images",
 journal= "Proc. SPIE", 
 volume = "3870",
 pages  = "193--205",
 year   = "1999" }

@article{Kieffer02,
 author = "H. H. Kieffer and  P. Jarecke and J. Pearlman",
 title = "Initial Lunar Calibration Observations by the {EO-1 H}yperion Imaging Spectrometer",
 journal= "Proc. SPIE", 
 volume = "4480",
 pages  = "247--258",
 year = "2002" }

@article{Kieffer02b,
 author = "H. H. Kieffer and T. C. Stone and R. A. Barnes and S. Bender and  R. 
E. {Eplee Jr.} and J. Mendenhall and L. Ong", 
 title="On-orbit Radiometric Calibration Over Time and Between Spacecraft Using the {M}oon",
 journal= "Proc. SPIE", 
 volume = "4881",
 pages  = "287--298",
 year = "2003" }

@article{Kieffer03,
 author = "H. H. Kieffer and T.C. Stone and R.A. Barnes and S.C. Bender and R.E. Eplee and J.A. Mendenhall and L. Ong",
title="{On-orbit Radiometric Calibration Over Time and Between Spacecraft Using the Moon}",
 journal=" Proc. SPIE", 
 volume =4881 ,
 pages  ="287-298",
 year = "2003" }

@article{Kieffer05b,
 author = "H. H. Kieffer and T. C. Stone",
 title="The spectral irradiance of the {M}oon",
 journal= "Astron. Jour.", 
 volume = "129",
 pages  = "2887--2901",
 year = "2005" }

@ARTICLE{Kreslav00,
    author = {M. A. Kreslavsky and Y. G. Shkuratov and Y. I. Velikodsky and V. G. Kaydash and D. G. Stankevich},
    title = "Photometric properties of the lunar surface derived from {C}lementine observations",
    journal = "Jour. Geophs. Res.",
    volume="105",
    year = "2000",
    pages = {20281--20295} }

@ARTICLE{Kreslav03,
   author = {{Kreslavsky}, M. A. and {Shkuratov}, Y. G.},
    title = "{Photometric anomalies of the lunar surface: Results from Clementine data}",
  journal =  "Jour. Geophs. Res.(Planets)",
     year = 2003,
    month = mar,
   volume = 108,
    pages = {5015-+},
      doi = {10.1029/2002JE001937}}

@article{Lane73, 
 author = "A. P. Lane and W. M. Irvine",
 title  = "Monochromatic phase curves and albedos for the lunar disk",
 journal= "Astronom. J.",  
 volume = "78", 
 pages  = "267--277", 
 year   = "1973" }

@ARTICLE{Lawson00,
   author = {{Lawson}, S. L.},
    title = "{Brightness temperatures of the lunar surface: Calibration and analysis of Clementine long-wave infrared camera images}",
  journal = {Ph.D. Thesis}, 
 pages  = "1+",
     year = 2000,
    month = oct }

@ARTICLE{Lawson01,
   author = {{Lawson}, S. L. and {Jakosky}, B. M.},
    title = "{Lunar surface thermophysical properties derived from Clementine LWIR and UVVIS images}",
  journal = {J. Goeophys, Res.},
     year = 2001,
    month = nov,
   volume = 106,
    pages = {27911-27932},
      doi = {10.1029/2000JE001391}}

@INPROCEEDINGS{Lawson03,
   author = {{Lawson}, S. L. and {Rodger}, A. P. and {Henderson}, B. G. and 
	{Bender}, S. C. and {Lucey}, P. G.},
    title = "{Multispectral Thermal Imager Observations of the Moon During Total Eclipse}",
booktitle = {Lunar and Planetary Institute Conference Abstracts},
     year = 2003,
    month = mar,
    pages = {1761-+}}

@INPROCEEDINGS{Lee01,
   author = {{Lee}, R. B. and {Smith}, G. L. and {Spence}, P. L. and {Walikainen}, D. R. and {Szewczyk}, Z. P. and {Paden}, J. and {Priestley}, K. J.},
    title = "{Broadband measurements of lunar radiances using the Tropical Rainfall Measuring Mission (TRMM) spacecraft/Clouds and the Earth's Radiant Energy System (CERES) sensors}",
booktitle = {Proc. SPIE},
     year = 2001,
   volume = 4169,
 editor = {{Fujisada}, H. and {Lurie}, J. B. and {Ropertz}, A. and {Weber}, K.},
    month = feb,
    pages = {237-247}}

@INPROCEEDINGS{Lee03,
   author = {{Lee}, III, R. B. and {Smith}, G. L. and {Szewczyk}, Z. P. and 	{Kratz}, D. P. and {Priestley}, K. J. and {Thomas}, S. and {Bush}, K. A. and {Paden}, J. and {Pandey}, D. K. and {Wilson}, R. S. and {Al-Hajjah}, A.},
    title = "{Measurements of filtered lunar radiances using the NASA Terra spacecraft/CERES thermistor bolometer sensors during 2000 and 2001}",
booktitle = { Proceedings of the SPIE},
     year = 2003,
   volume = 5151,
   editor = {{Barnes}, W. L.},
    month = nov,
    pages = {318-336},
      doi = {10.1117/12.508333}}

@article{Lucey86,
 author = "P. G. Lucey and B. R. Hawke and  C. M. Pieters and J. W. Head and T. B. McCord",
 title  = "A compositional study of the {A}ristarchus region of the {M}oon using near-infrared spectroscopy",
 journal= "Jour. Geophys. Res.",  
 volume = "91", 
 pages  = "D344--D354", 
 year   = "1986" }

@ARTICLE{Lucke76,
   author = {{Lucke}, R. L. and {Henry}, R. C. and {Fastie}, W. G.},
    title = "{Far-ultraviolet albedo of the moon}",
  journal = "Astron. Jour.",
     year = 1976,
    month = dec,
   volume = 81,
    pages = {1162-1169}}

@article{Lumme81,
 author = "K. Lumme and E. Bowell",
 title  = "Radiative transfer in the surfaces of atmosphereless bodies. {I}. theory",
 journal= "Astron. Jour.",  
 volume = "86", 
 pages  = "1694--1704",
 year   = "1981" }

@article{Lyot29,
 author = "B. Lyot",
 title  = "Polarization of moonlight and selected lunar regions",
 journal= "Ann. Obs. Meudon",  
 volume = "8", 
 pages  = "1--56",
 year   = "1929" }

@article{Maxwell98, 
 author = "M. S. Maxwell and H. H. Kieffer",
 title  = "Calibrating the {GOES} imager visible spectral band using the moon as an iradiance standard",
 journal= "Proc. SPIE",  
 volume = "3439", 
 pages  = "136--144", 
 year   = "1998" } 

@article{McCord70,
 author = "T. B. McCord and T. V. Johnson",
 title  = "Lunar Spectral Reflectivity (.3 to 2.5 microns) and Implications for Remote Mineralogical Analysis",
 journal= "Science",  
 volume = "169", 
 pages  = "854--858", 
 year   = "1970" }

@article{McCord72,
 author = "T. B. McCord and M. P. Charette and T. V. Johnson and L. A. Lebofsky and C. Pieters",
 title  = "Lunar spectral types",
 journal= "J. Geophys. Res.",  
 volume = "77", 
 pages  = "1349--1359", 
 year   = "1972" }
 
@article{McCord81,
 author = "T. B. McCord and R. N. Clark and B. R. Hawke and L. A. McFadden and P. D. Owensby and C. M. Pieters",
 title  = "{M}oon - Near-infrared Spectral Reflectance, a First Good Look",
 journal= "J. Geophys. Res.",  
 volume = "86", 
 pages  = "10883--10892", 
 month = "Nov. 10",
 year   = "1981" } 

@article{McEwen91,
 author = "A.S. McEwen ",
 title = "Photometric functions for photoclinometry and other applications",
 journal= "Icarus",  
 volume = "92", 
 pages  = "298--311",
 note  = "--",
 year = "1991" }

@article{McEwen95,
 author = "A. S. McEwen and M. R. Robinson and T. C. Duxbury and B. J. Buratti",
 title  = "Global Albedo Variations of the {M}oon: Clementine 750-nm Observations",
 journal= "Lunar and Planetary Science",
 volume = "26", 
 pages  = "931", 
 year   = "1995" }

@article{McEwen96,
 author = "A. S. McEwen",
 title  = "A Precise Lunar Photometric Function",
 journal= "Lunar and Planetary Science",
 volume = "27", 
 pages  = "841--842", 
 year   = "1996" }  

@article{McEwen98,
 author = "A. McEwen and E. Eliason and P. Lucey and E. Malaret and C. Pieters and M. Robinson and T. Sucharski",
 title  = "Summary of Radiometric Calibration and Photometric Normalization Steps for the {Clementine UVVIS} Images",
 journal= "Lunar and Planetary Science",
 volume = "29",
 pages  = "1466--1467",
 year   = "1998" }

@article{McGuire95,
 author = "A. F. McGuire and B. W. Hapke",
 title = "An experimental study of light scattering by large, irregular particles",
 journal= "Icarus",  
 volume = "113", 
 pages  = "134-155",
 year = "1995"}
% above  was labeled McGuire before 2016oct

@INPROCEEDINGS{Mendenhall02,
   author = {{Mendenhall}, J. A. and {Lencioni}, D. E. and {Hearn}, D. R. and 
	{Digenis}, C. J.},
    title = "{Flight Test Results of the Earth Observing-1 Advanced Land Imager Advanced Land Imager}",
booktitle = {Earth Observing Systems VII.  Edited by Barnes, William L.    Proceedings of the SPIE, Volume 4814, pp. 296-305 (2002).},
     year = 2002,
    month = sep,
    pages = {296-305}}

@INPROCEEDINGS{Meygret17,
 author = {{Meygret}, A. and {Blanchet}, G. and {Colzy}, S. and {Gross-Colzy}, L.},
    title = "{Improving ROLO lunar albedo model using PLEIADES-HR satellites extra-terrestrial observations}",
booktitle = {Earth Observing Systems XXII},
     year = 2017,
   series = {Society of Photo-Optical Instrumentation Engineers (SPIE) Conference Series},
   volume = 10402,
    month = sep,
      eid = {104022A},
    pages = {104022A},
      doi = {10.1117/12.2273631} }

@INPROCEEDINGS{Meygret17s,
   author = {{Meygret}, A. and {Blanchet}, G. and {Mounier}, F. and {Buil}, C.},
    title = "{The stars: an absolute radiometric reference for the on-orbit calibration of PLEIADES-HR satellites}",
booktitle = {Earth Observing Systems XXII},
     year = 2017,
   series = {Society of Photo-Optical Instrumentation Engineers (SPIE) Conference Series},
   volume = 10402,
    month = sep,
      eid = {1040228},
    pages = {1040228},
      doi = {10.1117/12.2272745} }

@book{Middlehurst68,
 editor = "B. M. Middlehurst and J. M. Burley and P. Moore and B. L. Welther",
 title  = "Chronological catalog of reported lunar events",
 publisher= "NASA Technical Reports TR R-277",
url="http://www.mufor.org/tlp/lunar.html",
 year   = 1968 }

@MISC{Miller08,
author="S. D. Miller and R. E. Turner",
title="A Dynamic Lunar Spectral Irradiance Data Set for {NPOESS/VIIRS} Day/Night Band Nighttime Environmental Applications",
howpublished="unknown: in METEOSAT pub?",
year= 2008}

@ARTICLE{Miller09,
author="S. D. Miller and R. E. Turner",
title="A LUNAR SPECTRAL FLUX DATABASE FOR QUANTITATIVE {VIIRS}
DAY/NIGHT BAND ENVIRONMENTAL APPLICATIONS",
journal="IEEE Trans. Geophys. and Remote ",
volume=47,
pages="2316--2329",
year= 2009}

@article{Minnaert41,
 author = "M. Minnaert",
 title = "The reciprocity principle in lunar photometry",
 journal= "Astrophys. J.",  
 volume = "93", 
 pages  = "403--410",
 year = "1941"}

@inbook{Minnaert, 
 author = "M. Minnaert",
 title  = "Photometry of the {M}oon",
 booktitle = "\textit{Planets and Satellites}, edited by G. P. Kuiper and B. M. Middlehurst",
 publisher = "University of Chicago Press", 
 pages  = "213--245", 
 year   = "1961" } 

@ARTICLE{Muinonen15,
   author = {{Muinonen}, K. and {Wilkman}, O. and {Cellino}, A. and {Wang}, X. and {Wang}, Y.},
    title = "{Asteroid lightcurve inversion with Lommel-Seeliger ellipsoids}",
  journal = {Plan. Space Sci.},
     year = 2015,
    month = dec,
   volume = 118,
    pages = {227-241},
      doi = {10.1016/j.pss.2015.09.005}}

@article{Mustard89,
 author = "J. F. Mustard and C. M. Pieters",
 title = "Photometric phase functions of common geologic minerals and applications to quantitative analysis of mineral mixture reflectance spectra",
 journal= "J. Geophys. Res.",  
 volume = "94", 
 pages  = "13619--13634",
 year = "1989"}

@article{Mustard97,
 author = "J.F. Mustard and J.E. Hays",
 title = "Effects of hyperfine particles on reflectance spectra from 0.3 to 25 $/mu$m",
 journal= "Icarus",
year= 1997,
 vol= 125,
pages = "145--163" }

@ARTICLE{Mustard98,
 author = {{Mustard}, J.\ F. and {Li}, L. and {He}, G.},
 title = "Nonlinear spectral mixture modeling of lunar multispectral data: Implications for lateral transport",
 journal = {J. Geophys. Res.},
 year = 1998,
 month = aug,
 volume = 103,
 pages = {19419--19426}}

@ARTICLE{Nash91,
 author = {{Nash}, D.\ B.},
 title = "Infrared reflectance spectra (4-12 microns) of typical lunar samples",
 journal = {Geophys. Res. Let.},
 year = 1991,
 month = nov,
 volume = 18,
 pages = {2145--2147}}

@article{Nelson98,
 author = "R. M. Nelson and B .W. Hapke and W. D. Smythe and L. J. Horn",
 title = "Phase curves of selected particulate materials: The contribution of coherent backscattering to the opposition surge",
 journal= "Icarus,",  
 volume = "131", 
 pages  = "223--230",
 year = "1998"}
% above labeled Nelson before 2016oct

@ARTICLE{Nelson02,
author = {{Nelson}, R. M. and {Smythe}, W. D. and {Hapke}, B. W. and {Hale}, A. S.},
    title = "{Low phase angle laboratory studies of the opposition effect: search for wavelength dependence}",
  journal = {Planet. Space Sci.},
     year = 2002,
    month = aug,
   volume = 50,
    pages = {849-856}}

@ARTICLE{Nettles11,
  author = {{Nettles}, J.~W. and {Staid}, M. and {Besse}, S. and {Boardman}, J. 
and {Clark}, R.~N. and {Dhingra}, D. and {Isaacson}, P. and {Klima}, R. and 
	{Kramer}, G. and {Pieters}, C.~M. and {Taylor}, L.~A.},
    title = "{Optical maturity variation in lunar spectra as measured by Moon Mineralogy Mapper data}",
  journal = {Journal of Geophysical Research (Planets)},
     year = 2011,
   volume = 116,
      eid = {E00G17},
    pages = {E00G17},
      doi = {10.1029/2010JE003748}}

@inbook{Neukum94, 
author = "Neukum, G. and Ivanov, B.A.",
 title = "{Crater Size Distribution and Impact Probabilities on Earth
from Lunar, Terrestrial-planet, and Asteroid Cratering Data}",
booktitle = "Hazards due to Comets and Asteroids",
publisher= "Univ. Arizona Press",
pages="359--416",
year="1994" }

@ARTICLE{Neukum01,
 author = "Neukum, G. and Ivanov, B.A. and W.K. Hartmann",
 title = "{Cratering records in the
inner Solar System in relation to the lunar reference system}",
  journal = {Space Sci. Rev},
vol=96, 
pages="55--86",
year=2001 }

@misc{NPOESScal,
 author = "G. Bingham and R.Bennartz and 28. Others",
 title = "{National Polar-orbiting Operational Environmental Satellite System [NPOESS] Preparatory Project [NPP] Calibration and Product Validation Plan; version
 11}",
 howpublished ="{http://jointmission.gsfc.nasa.gov/science/Calibration.html $\to$ Calibration and Validation Plan in .pdf}", 
 note = "Dec. 30, 2001",
 year = "2001"  }

@misc{NISTIR7047,
 author = "G. Ohring and B. Wielicki and R. Spencer and B. Emery and R. Datla eds.",
 title = "Satellite Instrument Calibration for Measuring Global Climate Change",
 howpublished ="{http://physics.nist.gov/Divisions/Div844/publications/NISTIR7047/nistir7047.pdf}",
 note = "NISTIR 7047",
 year = "2004"  }

@misc{Ohring04,
 author = "G. Ohring and B. Wielicki and R. Spencer and W. Emery and R. Datla",
 title = "Satellite instrument calibration for measuring global climate change",
 howpublished ="{NIST CD-ROM: Calibration/cross-calibration Workshop for the AM Constellation Instruments, Nov. 20-21, 2003} ", 
 note = " ",
 year = "2004"  }

@article{Patt05,
 author = "F. S. Patt and R. E. Eplee and R. A. Barnes and G. Meister and
J. J. Butler",
 title  = "Use of the {M}oon as a calibration reference for {NPP} {VIIRS}",
 journal= "Proc. SPIE",
 volume = "5882",
 pages  = {385-396},
 year   = "2005" }

@article{Pellicori71,
 author = "S. F. Pellicori",
 title  = "Polarizing properties of pulverized materials with special
   reference to the lunar surface",
 journal= "Applied Optics.",  
 volume = "10", 
 number = "2",
 pages  = "270--285",
 year   = "1971" }

@ARTICLE{Piatek04,
   author = {{Piatek}, J. L. and {Hapke}, B. W. and {Nelson}, R. M. and {Smythe}, W. D. and 
	{Hale}, A. S.},
    title = "{Scattering properties of planetary regolith analogs}",
  journal = {Icarus},
     year = 2004,
    month = oct,
   volume = 171,
    pages = {531-545}}

@article{Pieters86,
 author = "C. M. Pieters",
 title = "Composition of the lunar highland crust from near-infrared spectroscopy",
 journal= "Rev. Geophys.",  
 volume = "24", 
 pages  = "557--578",
 year = "1986"}

@article{Pieters88,
 author = "C. M. Pieters and J. F. Mustard",
 title = "Exploration of crustal/mantle material for the Earth and {M}oon using reflectance spectroscopy",
 journal= "Rem. Sens. Environ.",  
 volume = "24", 
 pages  = "151--178",
 year = "1988"}

@INPROCEEDINGS{Pieters91,
    author = {{Pieters}, C. M. and {Belton}, M. and {Becker}, T. and {Carr}, M. and {Chapman}, C. and {Fanale}, F. and {Fischer}, E. and {Gaddis}, L. and {Greeley}, R. and {Greenberg}, R. and {Hoffmann}, H. and {Head}, J. and {Helfenstein}, P. and {Jaumann}, R. and {Johnson}, T. V. and {Klaasen}, K. and {McEwen}, A. and {et al.}},
    title = "{Crustal Heterogenity of the Moon viewed from the Galileo SSI Camera: Lunar Sample Calibrations and Compositional Implications}",
    booktitle = {Lunar and Planetary Institute Conference Abstracts},
    year = 1991,
    pages = {1067-+}}

@INPROCEEDINGS{Pieters99,
 author = {C. M. Pieters},
 title = "The {M}oon as a Spectral Calibration Standard Enabled by Lunar Samples
: The Clementine Example",
 booktitle = "{Workshop on new views of the Moon II: Understanding the Moon through the integration of diverse datasets. LPI Contrib. 980}",
 publisher = "Lunar and Planetary Institute",
 address = "Houston",
 pages = "47--48",
 year = "1999"}

@ARTICLE{Pohn69,
author="H.A. Pohn and H.W. Radin and R.L. Wildey",
title={The Moon's photometric function l, near zero phase angle from Apollo 8 photography},
journal="Astrophys. J.",
volume=157,
pages="L193-L195",
year=1969}

@INPROCEEDINGS{Poppi02,
   author = {{Poppi}, S. and {Carretti}, E. and {Cortiglioni}, S. and {Krotikov}, V. D. and 
	{Vinyajkin}, E. N.},
    title = "{The Moon as a calibrator of linearly polarized radio emission for the SPOrt project}",
booktitle = {AIP Conf. Proc. 609: Astrophysical Polarized Backgrounds},
     year = 2002,
    month = mar,
    pages = {187-192}}

@ARTICLE{Priestley02,
    author = {{Priestley}, K. J. and {Wielicki}, B. A. and {Green}, R. N. and {Haeffelin}, M. P. A. and {Lee}, R. B. and {Loeb}, N. G.},
    title = "{Early radiometric validation results of the CERES Flight Model 1 and 2 instruments onboard NASA's Terra Spacecraft}",
    journal = {Advances in Space Research},
    year = 2002,
    volume = 30,
    pages = {2371-2376}}

@article{Pugacheva93,
 author = "S. G. Pugacheva and V. V. Novikov and V. V. Shevchenko",
 title  = "The {M}oon as a Natural Standard for Calibration of Spectrofotometric under-{S}putnik observations",
 journal= "Astronomicheskii Vestnik",
 volume = "27", 
 number = "4",
 pages  = "47--64", 
 year   = "1993" }

@article{Pugacheva96,
 author = "S. G. Pugacheva and V. V. Shevchenko and V. V. Novikov and S. G. Yakovlev and V. M. Kibardin and Y. M. Kondartyev",
 title  = "{The Moon - Natural standard for calibration of the visible and infrared images of the Earth}",
 journal= "Lunar and Planetary Science",
 volume = "27", 
 pages  = "1061--1062", 
 year   = "1996" } 

@ARTICLE{Pugacheva97,
 author ="S. G. Pugacheva and V. V. Shevchenko and V. V. Novikov and S. G. Yakovlev and V. M. Kibardin and Y. M. Kondartyev",
 title = "{Radiometric calibration of observations of the Earth by the Moon's images in the visual and infrared spectral ranges}",
 journal = {Astronomicheskii Vestnik},
 year = 1997,
 volume = 31,
 pages = {57+} }

@ARTICLE{Pugacheva99,
   author = {{Pugacheva}, S. G. and {Shevchenko}, V. V. and {Yakovlev}, S. G. and  {Kibardin}, V. M.},
    title = "{Development of a method for calibrating infrared images of the Moon transmitted by the GOMS artificial Earth satellite}",
  journal = {Astronomicheskii Vestnik},
     year = 1999,
   volume = 33,
    pages = {25-+}}

@INPROCEEDINGS{Pugacheva99b,
   author = {{Pugacheva}, S. G. and {Shevchenko}, V. V. and {Yakovlev}, S. G. and  {Kibardin}, V. M.},
    title = "{Calibration of the Moon's infrared images from geostationary satellite GOMS}",
booktitle = {Lunar and Planetary Institute Conference Abstracts},
     year = 1999,
    month = mar,
    pages = {1247-+}}

@ARTICLE{Pugacheva01,
   author = {{Pugacheva}, S. G. and {Shevchenko}, V. V.},
    title = "{The spatial angular function of thermal emission of the Moon}",
  journal = {Solar System Research},
     year = 2001,
    month = may,
   volume = 35,
    pages = {181-189}}

@misc{ROLOweb,
 author = "Anon",
 title = " The {ROLO} project is described at www.moon-cal.org",
 year = "2000"  }

@ARTICLE{Rumpf13,
   author = {{Rumpf}, M. E. and {Fagents}, S. A. and {Crawford}, I. A. and 
	{Joy}, K. H.},
    title = "{Numerical modeling of lava-regolith heat transfer on the Moon and implications for the preservation of implanted volatiles}",
  journal = {J. Geophys. Res. (Planets)},
     year = 2013,
    month = mar,
   volume = 118,
    pages = {382-397},
      doi = {10.1029/2012JE004131}}

@ARTICLE{Sakai08,
   author = {Saiki, K. and  Saito, K. and  Okuno, H. and  Suzuki, A. and  Yamanoi, Y. and  Hirata, N. and  Nakamura, R.},
    title = "{Estimation of the lunar reflectance by ground-based observation 
using a tunable liquid–crystal filter telescope}",
year= 2008,
  journal = {Earth Planets Space},
vol= 60,
pages={417--424} }

@ARTICLE{Salisbury95,
 author = {J. W. Salisbury and D. G. Murcray and W. J. Williams and  R. D. Blatherwick},
 title = "Thermal infrared spectra of the {M}oon",
 journal = {Icarus},
 year = 1995,
 month = may,
 volume = 115,
 pages = {181--190}}

@ARTICLE{Salisbury97,
 author = {J. W. Salisbury and A. Basu and E. M. Fischer},
 title = "Thermal Infrared Spectra of Lunar Soils",
 journal = {Icarus},
 year = 1997,
 month = nov,
 volume = 130,
 pages = {125--139}}

@book{Sarri67,
 author = ",J. M. Sarri and R. W. Shorthill",
 title  = "Isophotic and Isothermal atlas of the {Moom}",
 publisher= "NASA Contractor Report CR-855",
 year   = "1967" }

@ARTICLE{Sarri72,
   author = {{Saari}, J. M. and {Shorthill}, R. W. and {Winter}, D. F.},
    title = "{The Sunlit Lunar Surface. II. A Study of Far Infrared Brightness Temperatures}",
  journal = {Moon},
     year = 1972,
    month = sep,
   volume = 5,
    pages = {179-199}}
@ARTICLE{Scholten12,
   author = {{Scholten}, F. and {Oberst}, J. and {Matz}, K.-D. and {Roatsch}, T.
 and {W{\"a}hlisch}, M. and {Speyerer}, E. J. and {Robinson}, M. S. },
    title = "{GLD100: The near-global lunar 100 m raster DTM from LROC WAC stereo image data}",
  journal = {J. Geophys. Res. (Planets)},
     year = 2012,
    month = mar,
   volume = 117,
   number = "E16",
      eid = {E00H17},
    pages = {1-12},
      doi = {10.1029/2011JE003926}}

@ARTICLE{Seidelmann74,
   author = {{Seidelmann}, P. K. and {Doggett}, L. E. and {Deluccia}, M. R.},
    title = "{Mean elements of the principal planets}",
  journal = {Astron. Jour.},
     year = 1974,
    month = jan,
   volume = 79,
    pages = {57-+}}

@book{Seidelmann92, 
 editor = "K. P. Seidelmann",
 title  = "Explanatory Supplement to the {A}stronomical Almanac",
 publisher= "University Science Books",
 address= "Mill Valley, California",
 year   = "1992" }


@ARTICLE{Seidelmann02,
   author = {{Seidelmann}, P. K. and {Abalakin}, V. K. and {Bursa}, M. and 
  {Davies}, M. E. and {Bergh}, C. d. and {Lieske}, J. H. and {Oberst}, J. and 
     {Simon}, J. L. and {Standish}, E. M. and {Stooke}, P. and {Thomas}, P. C. },
    title = "{Report of the IAU/IAG Working Group on Cartographic Coordinates and Rotational Elements of the Planets and Satellites: 2000}",
  journal = {Celestial Mechanics and Dynamical Astronomy},
     year = 2002,
    month = jan,
   volume = 82,
    pages = {83-111}}

@ARTICLE{Seidelmann05,
   author = {{Seidelmann}, P. K. and {Archinal}, B. A. and {A'Hearn}, M. F. and 
        {Cruikshank}, D. P. and {Hilton}, J. L. and {Keller}, H. U. and 
        {Oberst}, J. and {Simon}, J. L. and {Stooke}, P. and {Tholen}, D. J. and 
        {Thomas}, P. C.},
    title = "{Report of the IAU/IAG Working Group on Cartographic Coordinates and Rotational Elements: 2003}",
  journal = {Celestial Mechanics and Dynamical Astronomy},
     year = 2005,
    month = mar,
   volume = 91,
    pages = {203-215},
      doi = {10.1007/s10569-004-3115-4}}

@ARTICLE{Seidelmann07,
   author = {{Seidelmann}, P. K. and {Archinal}, B. A. and {A'Hearn}, M. F. and 
	{Conrad}, A. and {Consolmagno}, G. J. and {Hestroffer}, D. and 
	{Hilton}, J. L. and {Krasinsky}, G. A. and {Neumann}, G. and 
	{Oberst}, J. and {Stooke}, P. and {Tedesco}, E. F. and {Tholen}, D. J. 
and {Thomas}, P. C. and {Williams}, I. P.},
    title = "{Report of the IAU/IAG Working Group on cartographic coordinates and rotational elements: 2006}",
  journal = {Celestial Mechanics and Dynamical Astronomy},
     year = 2007,
    month = jul,
   volume = 98,
    pages = {155-180},
      doi = {10.1007/s10569-007-9072-y}}

@book{USNO,
 author="U. S. Naval Observatory",
 title="{Multiyear Interactive Computer Almanac: 1990-2005}",
 publisher="Willmann-Bell",
 address="Richmond, VA",
 year="1998" }

@ARTICLE{Shepard95,
author="M. K. Shepard and R. A. Brackett and R. E. Arvidson",
title="Self-affine (fractal) topography: {S}urface parameterization and radar scattering",
journal="J. Geophys. Res (planets)",
volume=100,
pages="11790--11718",
year= 1995,
doi = {10.1029/95JE00664}}

@article{Shepard99b,
 author = "M. K. Shepard and R. E. Arvidson",
 title = "The opposition surge and photopolarimetry of fresh and coated basalts",
 journal= "Icarus",  
 volume = "141", 
 pages  = "172--178",
 year = "1999"}

@ARTICLE{Shepard07,
   author = {{Shepard}, M. K. and {Helfenstein}, P.},
    title = "{A test of the Hapke photometric model}",
  journal = {J. Geophys. Res.(Planets)},
     year = 2007,
    month = mar,
   volume = 112,
   number = "E11",
    pages = {3001-+},
      doi = {10.1029/2005JE002625} }

@ARTICLE{Shkuratov92,
   author = {{Shkuratov}, I. G. and {Opanasenko}, N. V. and {Kreslavskii}, M. A.},
    title = "{Polarimetric and photometric properties of the moon: Telescopic observations and laboratory simulations. I - The negative polarization}",
  journal = {Icarus},
     year = 1992,
    month = feb,
   volume = 95,
    pages = {283-299},
      doi = {10.1016/0019-1035(92)90044-8} }

@ARTICLE{Shkuratov95b,
   author = {{Shkuratov}, Y. G.},
    title = "{Conference ''Physics of the Moon and planets'', dedicated to the centenary of the birthday of the academician N. P. Barabashov.}",
  journal = {Astronomicheskii Vestnik},
     year = 1995,
    month = oct,
   volume = 29,
    pages = {478-480} }

@ARTICLE{Shkuratov96,
 author = {{Shkuratov}, Y.\ G. and {Kreslavskii}, M.\ A. and {Ksanfomaliti}, L.\ V. and {Petrova}, E.\ V. and {Pinet}, P. and {Chevrel}, S.},
 title = "A Statistical Analysis of Lunar Surface Spectra Obtained with a {S}vet Spectrometer",
 journal = {Astronomicheskii Vestnik},
 year = 1996,
 volume = 30,
 pages = {144+}}

@ARTICLE{Shkuratov99,
 author = {Y. Shkuratov and L. Starukhina and H. Hoffmann and G. Arnold},
 title = "A Model of Spectral Albedo of Particulate Surfaces: Implications for Optical Properties of the {M}oon",
 journal = {Icarus},
 year = 1999,
 month = feb,
 volume = 137,
 pages = {235--246}}

@article{Shkuratov99b,
 author = "Yu. G. Shkuratov and M. A. Kreslavsky and A. A. Ovcharenko and  D. G. Stankevich and E. S. Zubko and C. Pieters and G. Arnold",
 title = "Opposition effect from {C}lementine data and mechanisms of backscatter",
 journal= "Icarus",  
 volume = "141", 
 pages  = "132--155",
 year = "1999"}

@inproceedings{Shkuratov00,
 author = "Y. G. Shkuratov and V. G. Kaydash and C. Pieters and N. V. Opanasenko",
 title = "A comparison of absolute calibrations of {Clementine-UVVIS} and earth-based data for the {M}oon",
 booktitle= "Lunar and Planetary Science ",  
 volume = "XXXI", 
 pages  = "Ab.1165",
 year = "2000"}

@ARTICLE{Shkuratov01,
   author = {{Shkuratov}, Y. G. and {Kaidash}, V. G. and {Kreslavsky}, M. A. and 
	{Opanasenko}, N. V.},
    title = "{Absolute Calibration of the Clementine UVVIS Data: Comparison with Ground-Based Observation of the Moon}",
  journal = {Astronomicheskii Vestnik},
     year = 2001,
   volume = 35,
    pages = {29-+}}

@ARTICLE{Shkuratov01b,
   author = {{Shkuratov}, Y. G. and {Kaidash}, V. G. and {Kreslavsky}, M. A. and 
	{Opanasenko}, N. V.},
    title = "{Absolute Calibration of the Clementine UVVIS Data: Comparison with Ground-Based Observation of the Moon}",
  journal = {Solar System Research},
     year = 2001,
    month = jan,
   volume = 35,
    pages = {29-34}}

@ARTICLE{Shorthill65,
   author = {{Shorthill}, R. W. and {Saari}, J. M.},
  title = "{Radiometric and Photometric Mapping of the Moon Through a Lunation}",
  journal = {New York Academy Sciences Annals},
     year = 1965,
   volume = 123,
     note = "Geological Problems in Lunar Research",
doi={10.1111/j.1749-6632.1965.tb20396.x},
    pages = {722-739} }

@ARTICLE{Smith07,
   author = {{Smith}, A. and {Lorentz}, S. and {Yoon}, H. and {Datla}, R. and 
	{Pollock}, D. and {Stone}, T. and {Tansock}, J.},
    title = "{New Instrumentation for Characterizing the Moon as a Radiometric Standard for Space-based Radiometry}",
  journal = {AGU Fall Meeting Abstracts},
 keywords = {0634 Measurement and standards, 0649 Optics (4264), 3360 Remote sensing, 6250 Moon (1221)},
     year = 2007,
    month = dec,
    pages = {B318+},
   adsurl = {http://adsabs.harvard.edu/abs/2007AGUFM.A31B0318S}}

@ARTICLE{Smith67,
author="Smith, B.G.",
title="Lunar surface roughness: Shadowing and thermal emission",
journal={J. Geophys. Res.},
volume=72,
pages="4059--4067",
year=1967}

@inproceedings{Soule75, 
 author = "H. V. Soule",
 title  = "Deep Space and the {M}oon as Radiometric Standards for Space-borne Sensors",
 booktitle= "Scanners and imagery systems for earth observation; Proceedings of the Seminar, San Diego, Calif., August 19, 20, 1974",
 journal= "Proc. SPIE", 
 volume = "A75-33776 15-35",
 pages  = "56--63", 
 year   = "1975" }

@ARTICLE{Speyerer13,
author ="E.J. Speyerer and R.Z. Povilaitis and M.S. Robinson and P.C. Thomas 
and R.V. Wagner",
title  = "Quantifying crater production and regolith overturn on the Moon with temporal imaging",
 journal= "Nature",
   volume =538,
    pages = "215--218",
year=2016,
doi={10.1038/nature19829} }

@ARTICLE{Squryes82,
   author = {{Squyres}, S. W. and {Veverka}, J.},
 title = "{Variation of albedo with solar incidence angle on planetary surfaces}",
  journal = {Icarus},
     year = 1982,
    month = apr,
   volume = 50,
    pages = {115-122},
      doi = {10.1016/0019-1035(82)90103-8}}

@INPROCEEDINGS{Staid99,
 author = {M. I. Staid and C. M. Pieters},
 title = "Integrated Spectral Analysis of Mare Soils and Craters:  Characterization of Lunar Basalt Types",
 booktitle = {Lunar and Planetary Science Conference},
 year = 1999,
 month = mar,
 volume = 30,
 pages = {1724+}}

@article{Stone02,
 author = "T. C. Stone and H. H. Kieffer and J. M. Anderson",
 title  = "Status of Use of Lunar Irradiance for On-orbit Calibration",
 journal= "Proc. SPIE",  
 volume = "4483", 
 pages  = "165--175", 
 year   = "2002" }

@article{Stone02b,
 author = "T. C. Stone and H. H. Kieffer",
 title  = "Absolute Irradiance of the {Moon} for On-orbit Calibration",
 journal= "Proc. SPIE",  
 volume = "4814", 
 pages  = "211-221", 
 year   = "2002" }

@article{Stone03,
 author = "T. C. Stone and H. H. Kieffer and K. R. Becker",
 title  = "Modeling the radiance of the {Moon} for On-orbit Calibration",
 journal= "Proc. SPIE",  
 volume = "5151", 
 pages  = "463--470", 
 year   = "2003" }

@INPROCEEDINGS{Stone04,
author = {{Stone}, T. C. and {Kieffer}, H. H.},
title = "{Assessment of uncertainty in ROLO lunar irradiance for on-orbit calibration}",
booktitle = "Proc.SPIE",
Volume="5542",
year = 2004,
month = oct,
pages = {300-310},
doi = {10.1117/12.560236}}

@INPROCEEDINGS{Stone05,
   author = {{Stone}, T. C. and {Kieffer}, H. H. and {Grant}, I. F.},
    title = "{Potential for calibration of geostationary meteorological imagers using the Moon}",
booktitle = "Proc. SPIE",
volume="5882",
year = 2005,
    month = jan,
    pages = {231-239},
      doi = {10.1117/12.620097}}

@article{Stone06,
 author = "T. C. Stone and H. H. Kieffer",
 title  = "Use of the {M}oon to support on-orbit sensor calibration for
climate change measurements",
 journal= "Proc. SPIE",
 volume = "6296",
 pages  = "62960Y-1--9",
 year   = "2006" }

@INPROCEEDINGS{Stone08,
   author = {{Stone}, T. C.},
    title = "{Radiometric calibration stability and inter-calibration of solar-band instruments in orbit using the moon}",
booktitle = {SPIE Conference Series},
     year = 2008,
   series = {SPIE Conference},
   volume = 7081,
    month = aug,
      doi = {10.1117/12.795227} }

@INPROCEEDINGS{Sun08,
   author = {{Sun}, J. and {Eplee}, Jr., R. E. and {Xiong}, X. and {Stone}, T. 
and {Meister}, G. and {McClain}, C. R.},
    title = "{MODIS and SeaWIFS on-orbit lunar calibration}",
booktitle = {SPIE Conference Series},
     year = 2008,
   series = {SPIE Conference Series},
   volume = 7081,
    month = aug,
      doi = {10.1117/12.795338} }

@INPROCEEDINGS{Thomas07,
   author = {{Thomas}, S. and {Priestley}, K. J. and {Matthews}, G. M.},
    title = "{Analysis of clouds and the Earth's radiant energy system (CERES) lunar measurements}",
booktitle = { Proceedings of the SPIE},
     year = 2007,
     volume = 6677,
pages ={667715},
    month = oct,
      doi = {10.1117/12.735839}}

@article{Umov05, 
 author = "N. Umov",
 title  = "Chromatische Depolarization durch Lichtzerstreuung",
 journal= " Phys. Zeit.",  
 volume = "6", 
 pages  = "674--676", 
 year   = "1905" }

@ARTICLE{Vasavada12,
   author = {{Vasavada}, A. R. and {Bandfield}, J. L. and {Greenhagen}, B. T. and {Hayne}, P. O. 
and {Siegler}, M. A. and {Williams}, J.-P. and 	{Paige}, D. A.},
    title = "{Lunar equatorial surface temperatures and regolith properties from the Diviner Lunar Radiometer Experiment}",
  journal = {J.Geophys. Res. (Planets)},
     year = 2012,
    month = apr,
   volume = 117,
    pages = {E00H18},
      doi = {10.1029/2011JE003987}}

@ARTICLE{Warell04,
   author = {{Warell}, J.},
    title = "{Properties of the Hermean regolith: IV. Photometric parameters of Mercury and the Moon contrasted with Hapke modelling}",
  journal = {Icarus},
     year = 2004,
    month = feb,
   volume = 167,
    pages = {271-286},
      doi = {10.1016/j.icarus.2003.10.010}}

@ARTICLE{Warell06,
   author = {{Warell}, J. and {Sprague}, A. L. and {Emery}, J. P. and 
{Kozlowski}, R. W. H. and {Long}, A.},
    title = "{The 0.7 5.3 {$\mu$}m IR spectra of Mercury and the Moon: Evidence for high-Ca clinopyroxene on Mercury}",
  journal = {Icarus},
     year = 2006,
    month = feb,
   volume = 180,
    pages = {281-291},
      doi = {10.1016/j.icarus.2005.09.007}}

@article{Wildey77, 
 author = "R. L. Wildey",
 title  = "A Digital File of the Lunar Normal Albedo",
 journal= "The {M}oon",  
 volume = "16", 
 pages  = "231--277", 
 year   = "1977" }

@article{Wildey78, 
 author = "R. L. Wildey",
 title  = "The {M}oon in {Heiligenschein}",
 journal= "Science",  
 volume = "200", 
 pages  = "1265--1267",
 year   = "1978" } 

@misc{Wilhelms87, 
 author = "D. E. Wilhelms",
 title  = "The Geologic History of the {Moon}",
 howpublished = "U.S. Geological Survey Professional Paper 1348",
 note = "page 280",
 year   = "1987" }

@ARTICLE{Wilkman15,
   author = {{Wilkman}, O. and {Muinonen}, K. and {Peltoniemi}, J.},
    title = "{Photometry of dark atmosphereless planetary bodies: an efficient numerical model}",
  journal = {Plan. Space Sci.},
 keywords = {Photometry, Scattering model},
     year = 2015,
    month = dec,
   volume = 118,
    pages = {250-255},
      doi = {10.1016/j.pss.2015.06.004}}

@article{Wu06,
 author = "X. Wu and T. C. Stone and F. Yu and D. Han",
 title  = "Vicarious calibration of {GOES} {I}mager visible channel using
the {M}oon",
 journal= "Proc. SPIE",
 volume = "6296",
 pages  = "62960Z-1--12",
 year   = "2006", 
    month = sep,
      doi = {10.1117/12.681591} }

@INPROCEEDINGS{Xiong04,
    author = {{Xiong}, X. and {Sun}, J. and {Xiong}, S. and {Barnes}, W. L.},
    title = "{Using the moon for MODIS on-orbit spatial characterization}",
    booktitle = {Sensors, Systems, and Next-Generation Satellites VII.  Edited by Meynart, Roland; Neeck, Steven P.; Shimoda, Haruhisa; Lurie, Joan B.; Aten, Michelle L. Proceedings of the SPIE, Volume 5234, pp. 480-487 (2004).},
    year = 2004,
    month = feb,
    pages = {480-487},
      doi = {10.1117/12.510570}}

@INPROCEEDINGS{Xiong14,
   author = {{Xiong}, X. and {Lach{\'e}rade}, S. and {Leb{\`e}gue}, L. and 
	{Fougnie}, B. and {Angal}, A. and {Wang}, Z. and {Aznay}, O.},
    title = "{Comparison of MODIS and PLEIADES Lunar observations}",
booktitle = {Sensors, Systems, and Next-Generation Satellites XVIII},
     year = 2014,
   series = {Society of Photo-Optical Instrumentation Engineers (SPIE) Conference Series},
   volume = 9241,
    month = oct,
      eid = {924111},
    pages = {924111},
      doi = {10.1117/12.2067442} }

@INPROCEEDINGS{Xiong15,
   author = {{Xiong}, X. and {Lach{\'e}rade}, S. and {Aznay}, O. and {Fougnie}, B. 
and {Fulbright}, J. and {Wang}, Z.},
    title = "{Comparison of S-NPP VIIRS and PLEIADES lunar observations}",
booktitle = {Sensors, Systems, and Next-Generation Satellites XIX},
     year = 2015,
   series = {Society of Photo-Optical Instrumentation Engineers (SPIE) Conference Series},
   volume = 9639,
    month = oct,
      eid = {96390Y},
    pages = {96390Y},
      doi = {10.1117/12.2193158} }

%================ recent additions%
%article{, author="", title = "{}", journal= "",  volume = "", pages = "", year =}

@article{Brown85, 
author="S.R. brown and C.H. Scholz", 
title = "{ Broad Bandwidth Study of the Topography of Natural Rock Surfaces}", 
journal= "J. Geophys. Res.",  
volume = "94", 
pages = "12,575-12,582", 
year =1985}

@ARTICLE{Richardson05,
   author = {{Richardson}, J.~E. and {Melosh}, H.~J. and {Greenberg}, R.~J. and 
	{O'Brien}, D.~P.},
    title = "{The global effects of impact-induced seismic activity on fractured asteroid surface morphology}",
  journal = {Icarus},
     year = 2005,
    month = dec,
   volume = 179,
    pages = {325-349},
      doi = {10.1016/j.icarus.2005.07.005}}

@article{Pentland84,
 author="Alex P. Pentland",
 title = "Fractal-Based Description of Natural Scenes",
 journal= "IEEE Transactions on pattern analysis and machine intelligence", 
 volume = "PAMI-6", 
 pages = "661 - 674",
 year =1984}

@article{Bennera08, author="L.A.M. Bennera and S.J. Ostro and 9. Others", 
title = "Near-Earth asteroid surface roughness depends on compositional class", 
journal= "Icarus",  
volume = "198", pages = "294 – 304", year =2008}


@article{Robinson01, 
author="M.S. Robinson and P.C. Thomas and J. Veverka and S.L. Murchie and B. Caricich", 
title = "{The nature of ponded deposits on 433 Eros}", 
journal= "Nature",  
volume = "413", 
pages = "396–400", 
year =2001}

@article{Robinson02, 
author="M.S. Robinson and P.C. Thomas and J. Veverka and S.L. Murchie and B.B. Wilcox", 
title = "{The geology of 433 Eros}", 
journal= "Meteor. Planet. Sci.",  
volume = "37", 
pages = "1651–1684", 
year =2002}

@article{Veverka01, 
author="J. Veverka and P.C. Thomas and M. Robinson and 30. Others", 
title = "{Imaging of small-scale features on 433 Eros from NEAR: Evidence for a complex regolith}", 
journal= "Science",  
volume = "292",
 pages = "484–488", 
year = 2001}

@article{Miyamoto07, author="H. Miyamoto and 14 others", 
title = "{Regolith migration and sorting on asteroid Itokawa}", 
journal= "Science",  
volume = "316", 
pages = "1011+",
 year =2007}

@article{Fujiwara06, 
author="A. Fujiwara and 21. Others ", 
title = "{The rubble-pile asteroid Itokawa as observed by Hayabusa}", 
journal= "Science",  
volume = "312",
pages = "1330-1334", 
year =2006}

@article{who,
 author="U. Who",
 title = "Unknown Title",
 journal= "J. Irrepro. Res.", 
 volume = "77", 
 pages = "77--77",
 year =1777}